1872 3194
142 339 259 376 van.

205 1119 260 1155 W

227 1406 260 1443 B

226 2327 259 2363 Η

337 164 361 189 X

366 268 407 307 A
445 268 597 307 codice
629 268 669 307 V
705 274 849 307 autem
883 275 999 307 totus
1033 269 1212 320 pendet:

364 338 883 378 VALLICELLANVS
917 352 977 391 gr.
1014 340 1066 390 78
1101 340 1210 390 (F9),
1256 341 1522 389 chartaceus,
1558 341 1761 381 miscella-

277 425 394 457 neus,
435 410 595 449 saeculi
634 409 750 455 XVI,
788 410 976 449 seruauit
1010 411 1117 449 inter
1151 410 1382 450 multorum
1417 411 1595 451 aliorum
1629 426 1762 465 opera

285 482 353 521 uel
386 483 553 533 integra
586 481 654 521 uel
677 494 831 520 manca
854 488 1008 533 quarto
1038 482 1209 521 decimo
1232 481 1342 529 loco,
1368 482 1438 522 fol.
1470 483 1758 534 188Γ-196Π,

279 567 407 592 manu
441 559 487 592 ut
519 553 690 592 uidetur
719 552 890 592 Ioannis
914 552 1091 591 Honorii
1119 553 1384 604 Hydruntini
1406 554 1628 606 scriptum,
1652 554 1762 607 frag-

278 632 469 664 mentum
492 624 704 670 Erotiani;
731 630 798 663 est
816 630 959 662 autem
994 635 1026 670 1,
1050 635 1071 674 3
1102 624 1178 677 τὴν
1203 624 1460 678 ὑποκράτους
1476 627 1762 679 πραγματείαν

279 696 418 743 (deest
452 695 616 743 titulus)
640 718 695 721 —
721 705 787 746 31,
820 705 869 734 10
901 696 1015 748 παρὰ
1048 697 1092 734 τὸ
1126 694 1222 748 δόρυ
1244 695 1403 735 παύειν.
1467 695 1488 736 ὃ
1519 697 1600 750 γὰρ
1631 695 1761 750 ἡμεῖς.

278 766 566 806 Collationem
611 766 889 818 praefationis
932 772 973 804 et
1015 765 1257 817 glossarum
1302 766 1467 806 litterae
1502 765 1540 806 A
1576 781 1611 806 a.
1654 768 1763 807 1886

282 839 336 877 ab
360 838 394 890 J.
429 837 571 890 Ilberg
602 837 847 877 confectam
879 843 922 876 et
955 837 1056 875 mihi
1089 837 1275 889 benigne
1308 837 1497 877 delatam
1529 839 1762 890 recognoui

280 917 321 948 et
355 908 571 961 compleui
604 909 772 947 Romae
796 921 831 946 a.
858 919 979 958 1914.

367 980 541 1020 Codicis
574 980 615 1019 V
648 993 733 1019 non
767 978 906 1018 solum
939 979 1067 1030 plane
1100 979 1309 1031 gemellus
1342 988 1419 1027 est,
1444 994 1592 1019 uerum
1615 981 1758 1027 etiam,

278 1052 318 1090 ni
352 1052 527 1103 egregie
562 1050 695 1095 fallor,
732 1050 885 1089 eadem
919 1063 1047 1088 manu
1081 1051 1267 1102 scriptus
1300 1051 1387 1091 hic:

365 1122 722 1162 VATICANVS
745 1136 805 1174 gr.
833 1134 954 1173 1133,
980 1122 1244 1170 chartaceus,
1270 1122 1468 1162 foliorum
1494 1123 1559 1173 56,
1579 1135 1761 1174 quorum

277 1193 347 1233 fol.
389 1196 551 1245 1—53r
583 1194 836 1233 Erotianum
871 1194 1091 1233 exhibent.
1157 1193 1330 1233 Contuli
1363 1194 1531 1233 Romae
1564 1207 1600 1232 a.
1640 1204 1761 1244 1914.

368 1265 541 1304 Tertius
564 1266 632 1305 hic
656 1266 944 1304 nominandus
967 1272 1044 1312 est,
1065 1266 1138 1317 qui
1161 1266 1202 1304 in
1225 1264 1482 1304 lectionibus
1505 1264 1762 1317 duplicibus,

276 1351 387 1389 quae
410 1337 451 1375 in
484 1337 581 1388 ipso
614 1344 791 1388 parente
825 1336 1006 1384 fuerunt,
1043 1336 1271 1375 afferendis
1298 1335 1433 1375 multo
1460 1336 1630 1388 parcior
1653 1342 1762 1375 erat:

371 1407 686 1447 PARISINVS
720 1421 781 1460 gr.
827 1408 933 1458 2651
982 1407 1371 1459 (Mazarin-Regius
1418 1407 1561 1458 3158),
1601 1407 1763 1446 charta-

278 1493 392 1526 ceus,
429 1478 591 1518 saeculi
622 1479 738 1526 XVI,
775 1478 972 1518 foliorum
1005 1480 1074 1527 48,
1109 1478 1249 1517 solum
1282 1478 1536 1517 Erotianum
1558 1479 1761 1518 continet.

278 1550 532 1589 Liberaliter
569 1549 793 1602 Vpsaliam
834 1550 1132 1589 transmissum
1165 1563 1200 1589 a.
1242 1561 1347 1600 1913
1389 1548 1563 1597 contuli,
1600 1562 1765 1601 paucos

279 1621 398 1661 locos
432 1621 588 1660 dubios
621 1622 764 1660 denuo
799 1622 967 1660 Parisiis
1002 1635 1036 1660 a.
1078 1632 1188 1672 1914
1220 1621 1403 1672 inspexi.

374 1751 562 1791 Codices
610 1751 798 1790 melioris
846 1759 974 1790 notae
1020 1758 1252 1802 postquam
1298 1749 1477 1797 absolui,
1524 1750 1763 1802 transgredi

279 1824 362 1862 iam
410 1825 615 1862 conuenit
663 1822 717 1861 ad
761 1821 938 1861 alteram
988 1822 1184 1869 classem,
1237 1822 1355 1861 cuius
1398 1835 1549 1861 omnes
1592 1821 1765 1861 codices

279 1895 463 1933 redeunt
481 1894 535 1932 ad
554 1893 803 1944 exemplum
821 1894 895 1944 (y),
913 1893 1029 1945 quod
1048 1892 1222 1932 saeculo
1241 1900 1286 1931 ut
1304 1893 1475 1931 uidetur
1491 1892 1575 1932 XV
1591 1892 1764 1931 ineunte

279 1979 333 2004 ex
370 1965 612 2016 archetypo
646 1966 861 2003 communi
897 1964 1163 2015 descriptum
1191 1970 1268 2003 est.
1319 1964 1364 2002 In
1389 1964 1469 2003 hac
1494 1962 1631 2003 classe
1654 1963 1765 2002 duae

281 2036 484 2075 subortae
517 2044 616 2074 sunt
649 2035 925 2087 propagineS‚
961 2048 1141 2087 quarum
1175 2034 1352 2074 alteram
1381 2048 1492 2074 nunc
1522 2047 1765 2086 repraesen-

280 2113 372 2145 tant
411 2107 586 2146 codices
626 2106 667 2145 H
690 2106 752 2145 Da
781 2106 831 2153 G,
867 2106 1059 2153 alteram,
1094 2119 1206 2157 quae
1255 2106 1466 2145 deteriore
1509 2105 1765 2145 condicione

280 2185 357 2223 est,
393 2178 569 2217 codices
602 2177 639 2216 L
662 2177 708 2216 M
732 2176 770 2217 O
795 2177 832 2216 E
855 2177 900 2216 F.

369 2248 580 2288 Codicum
615 2248 744 2300 igitur
776 2233 925 2287 classis
958 2248 1182 2287 deterioris
1216 2261 1373 2300 agmen
1406 2247 1542 2287 ducit:

368 2318 683 2359 PARISINVS
732 2332 792 2371 gr.
844 2328 950 2369 2151
1011 2318 1412 2371 (Fontebl.-Regius
1465 2318 1608 2368 2145),
1663 2317 1764 2357 olim

280 2390 495 2429 Francisci
550 2390 747 2437 Asulani‚
803 2389 965 2429 saeculi
1017 2386 1240 2437 XVJXVL
1294 2389 1493 2428 foliorum
1546 2389 1638 2436 106,
1693 2387 1762 2428 fol.

278 2462 502 2511 atos—62¹¹
550 2461 804 2500 Erotianum
853 2461 1043 2500 exhibet.
1110 2460 1291 2512 Scripsit
1333 2461 1443 2500 hanc
1477 2466 1644 2511 partem
1677 2473 1764 2498 uer-

278 2539 408 2583 gente
462 2531 636 2571 saeculo
684 2532 767 2570 XV
815 2531 1095 2571 Aristobulus
1147 2530 1445 2583 Apostolides,
1495 2531 1563 2570 cui
1611 2537 1764 2582 postea

280 2616 435 2641 nomen
461 2602 671 2641 Arsenius
695 2603 772 2641 fuit
796 2602 843 2651 (ἦ
867 2616 902 2641 a.
935 2603 1072 2653 1535).
1129 2597 1240 2653 Quil
1275 2601 1436 2653 passim
1471 2601 1765 2641 manifestiora

280 2673 383 2711 uitia
431 2673 718 2724 deprehendit
765 2674 960 2724 scitaque
1006 2674 1252 2712 coniectura
1298 2680 1370 2711 aut
1415 2686 1516 2712 uera
1563 2679 1637 2711 aut
1677 2673 1762 2710 ueri

374 2775 382 2793 ¹
412 2781 462 2810 (ff.
499 2781 804 2810 adnotatiunculam
839 2791 945 2810 meam
975 2781 1198 2811 'Aristobulos
1225 2781 1441 2820 Apostolides
1477 2781 1539 2811 och
1574 2780 1762 2810 Erotianos'

283 2840 382 2869 Eran.
410 2840 475 2869 uol.
506 2840 601 2869 XVII
628 2837 746 2878 (1917)
773 2840 940 2869 insertam.
