1872 3194
684 744 1120 791 PRAEFATIO.

246 928 312 966 De
353 927 542 979 genuina
575 926 711 965 forma
746 932 875 978 atque
909 923 1052 964 indole
1086 923 1283 976 glossarii
1316 923 1510 962 Erotiani
1543 923 1646 975 quid

157 999 354 1051 indagari
394 999 545 1050 possit,
580 1004 687 1050 quot
732 1010 858 1036 casus
901 996 1158 1047 asperitates
1191 1009 1268 1047 per
1300 1001 1546 1046 temporum
1579 995 1647 1033 de-

157 1084 331 1110 cursum
367 1083 622 1122 perpessum
655 1069 721 1116 sit,
757 1068 830 1120 qui
863 1067 955 1107 libri
989 1081 1119 1106 manu
1153 1067 1314 1118 scripti,
1349 1066 1497 1118 quanti
1528 1067 1648 1105 aesti-

157 1142 303 1181 mandi
349 1142 446 1187 sint,
490 1141 695 1193 quoniam
738 1140 779 1179 in
813 1139 920 1179 libro
954 1153 1065 1185 meO,
1101 1138 1173 1190 qui
1210 1137 1554 1177 Erolianstudien
1593 1138 1647 1176 in-

156 1213 370 1259 scribitur,
406 1226 484 1264 pro
519 1211 625 1251 uirili
652 1218 774 1263 parte
798 1210 1030 1263 disputaui‚
1056 1210 1136 1249 hac
1161 1209 1443 1261 praefatione,
1468 1215 1515 1248 ut
1537 1223 1649 1249 com-

160 1284 358 1324 moditati
404 1297 566 1331 eorum,
613 1283 686 1335 qui
728 1283 809 1322 hac
852 1282 1041 1321 editione
1084 1281 1200 1320 usuri
1242 1281 1297 1320 ad
1340 1294 1437 1320 earn
1478 1294 1650 1332 semper

157 1355 573 1395 commentationem
616 1368 661 1393 se
704 1353 885 1406 relegari
919 1366 1047 1405 aegre
1081 1352 1231 1399 ferant,
1267 1351 1504 1399 consulam,
1539 1365 1650 1403 quae

158 1427 323 1467 Studiis
356 1426 435 1465 illis
469 1427 569 1473 erui,
605 1426 853 1465 summatim
887 1425 1080 1464 reseram.

247 1498 372 1551 Opus
396 1498 603 1545 Erotiani,
628 1497 942 1537 Andromacho
967 1496 1181 1536 archiatro
1205 1496 1390 1535 Neronis
1413 1494 1480 1534 uel
1508 1495 1651 1546 potius

158 1570 245 1609 filio
280 1570 436 1609 eodem
470 1570 642 1609 nomine
676 1569 938 1617 dedicatum,
973 1567 1164 1620 singulas
1198 1567 1367 1619 glossas
1400 1567 1555 1606 eodem
1589 1580 1650 1605 or-

158 1642 258 1681 dine
300 1641 550 1688 exhibebat,
593 1655 680 1693 quo
722 1640 1065 1693 glossographus
1108 1639 1148 1678 in
1192 1637 1370 1691 singulis
1412 1637 1529 1677 libris
1563 1651 1651 1689 per-

158 1713 357 1765 legendis
410 1712 624 1752 uocabula
676 1711 884 1751 notabilia
929 1712 1153 1750 inuenerat
1196 1709 1267 1759 (cf.
1309 1724 1348 1762 p.
1387 1711 1425 1756 8,
1454 1721 1480 1760 9
1525 1710 1650 1761 sqq).

161 1785 282 1824 Haec
317 1790 407 1823 erat
441 1784 628 1835 genuina
661 1783 812 1830 forma,
847 1797 870 1822 a
905 1796 972 1822 me
1005 1780 1033 1819 Λ
1067 1781 1207 1821 littera
1240 1782 1423 1834 signata.
1473 1782 1519 1820 In
1543 1780 1652 1820 duos

159 1856 369 1907 deinceps
412 1856 561 1895 incidit
603 1856 929 1907 epitomatoreS,
965 1867 1149 1906 quorum
1182 1854 1300 1906 quod
1335 1852 1440 1892 alter
1473 1865 1654 1891 exorsus

160 1933 253 1966 erat
288 1926 395 1966 alter
428 1927 710 1966 continuauit.
765 1927 883 1965 Prior
915 1949 969 1951 —
1000 1932 1044 1965 et
1072 1926 1214 1977 ipsum
1237 1931 1280 1964 et
1303 1924 1540 1976 epitomam
1563 1923 1654 1962 eius

161 1997 212 2035 ΒΤ
245 2012 358 2038 uoco
394 2022 446 2024 —
479 1998 652 2038 saeculo
683 2005 730 2037 ut
768 1998 936 2037 uidetur
958 1997 1016 2036 XI
1040 2004 1140 2049 post
1164 1996 1262 2036 Chr.
1288 2002 1436 2035 natum
1459 1995 1656 2034 ordinem

162 2070 468 2122 primigenium
491 2069 689 2122 glossarii
712 2069 1009 2109 commutauit.
1057 2067 1236 2108 Glossas
1255 2067 1368 2106 enim
1387 2067 1442 2106 ad
1460 2066 1655 2106 ordinem

165 2142 384 2193 quendam
419 2140 742 2193 alphabeticum
774 2140 966 2193 digessit.
1012 2140 1167 2191 Neque
1191 2145 1337 2178 tamen
1361 2152 1412 2177 ea
1435 2137 1657 2190 diligentia

167 2226 256 2252 rem
290 2212 392 2264 egit,
422 2219 468 2251 ut
492 2212 685 2251 omnium
708 2212 1043 2264 uniuscuiusque
1067 2210 1281 2250 lemmatis
1305 2209 1556 2257 litterarum,
1582 2209 1658 2248 sed

166 2284 331 2336 primae
356 2284 566 2336 cuiusque
589 2283 729 2323 solum
764 2284 974 2323 rationem
1007 2283 1199 2322 haberet.
1266 2280 1366 2332 Quo
1394 2280 1556 2320 factum
1581 2286 1656 2327 est,

165 2363 211 2394 ut
245 2355 438 2408 singulae
472 2355 658 2407 glossae,
693 2368 804 2407 quae
839 2355 892 2394 ab
926 2354 1081 2394 eadem
1116 2353 1256 2392 littera
1285 2353 1536 2404 inciperent,
1561 2366 1658 2391 eum

165 2427 361 2466 ordinem
408 2427 652 2473 retinerent,
699 2440 784 2478 quo
831 2439 926 2465 sese
972 2424 1166 2477 singulae
1208 2425 1250 2463 in
1293 2423 1430 2463 forma
1472 2423 1659 2476 genuina

167 2499 461 2550 excepissent.
527 2497 627 2549 Quo
674 2498 806 2537 modo
839 2497 942 2536 dum
976 2497 1129 2535 seriem
1164 2496 1387 2548 pristinam
1420 2494 1659 2547 glossarum

166 2569 409 2615 conturbat,
460 2583 545 2608 non
596 2582 758 2621 paucas
805 2568 935 2607 etiam
981 2568 1138 2613 omisit,
1187 2567 1290 2606 alias
1336 2566 1554 2606 contraxit
1599 2564 1658 2604 Bt.

168 2640 294 2679 Alter
326 2641 600 2692 epitomator,
636 2639 707 2687 32,
743 2640 859 2679 haud
887 2638 1022 2678 multo
1047 2645 1158 2691 post,
1184 2639 1339 2677 eodem
1362 2638 1461 2677 dico
1484 2636 1660 2677 saeculo

170 2717 243 2750 aut
286 2712 554 2764 insequente,
590 2712 786 2763 uestigiis
820 2711 973 2763 prioris
1006 2710 1170 2749 institit.
1235 2710 1296 2749 Vt
1330 2709 1525 2749 ordinem
1559 2722 1582 2747 a
1614 2707 1664 2745 ΒΤ

170 2783 412 2822 institutum
448 2784 648 2829 seruauit,
684 2783 743 2822 ita
775 2783 816 2821 in
850 2781 1006 2834 glossis
1034 2781 1271 2821 abiciendis
1295 2780 1660 2831 decurtandisque

171 2854 478 2905 perseuerauit.
