1872 3194
705 160 968 188 FRAGMENTA
1520 152 1592 186 105Υ

99 272 188 312 ἀντὶ
220 277 293 325 της
326 270 506 324 σήψεως.
592 271 699 310 ἔστιν
734 269 831 310 ἰδεῖν
864 270 939 309 καὶ
978 267 1247 322 Ἡρόδοτον
1281 269 1323 308 ἐν
1355 273 1405 321 τῇ
1441 266 1474 321 β
1508 272 1588 307 τῶν

104 342 309 396 Ἱστοριῶν
342 341 517 396 λέγοντα
555 348 696 382 τοῦτον
735 343 803 382 τόν
841 340 1002 394 τρόπον·
1045 339 1161 394 (μετὰ
1195 339 1239 379 δὲ
1272 345 1403 379 ταῦτα
1437 338 1492 387 ὡς
1525 340 1588 379 έσ-

97 414 300 468 φακέλισε
332 415 376 453 τὸ
410 413 565 461 ὀστέον,
599 413 620 453 ὁ
655 412 801 467 μυελὸς
832 412 1012 466 τάχιστα
1044 409 1263 464 ἐνεσάπη’.
1350 409 1493 465 ἀμέλει
1515 411 1591 449 καὶ

95 488 162 526 τόν
203 483 541 539 Ἱπποκράτην
575 485 659 524 ἔστι
692 484 944 524 θεάσασθαι
975 485 1019 523 τό
1055 483 1153 522 αὐτὸ
1186 481 1361 536 λέγοντα
1396 482 1437 522 ἐν
1478 479 1587 521 Ἐπι-

59 568 75 594 5
97 557 255 612 δημιῶν
289 555 319 597 ε’
352 559 492 605 οὕτως·
535 555 622 596 ‘mci
653 555 729 609 τὴν
761 554 922 609 ἡμέραν
956 554 1001 594 δὲ
1035 553 1154 609 μέχρι
1183 553 1351 607 δορπίου
1380 560 1449 593 τοῦ
1483 550 1590 606 Ἀρί-

97 641 248 676 στωνος
282 627 433 681 δούλης
465 627 486 668 ὃ
519 628 619 675 ποὺς
654 625 884 681 αὐτόματος
918 624 1193 679 έσφακέλισεν
1226 626 1388 665 ἔσωθεν
1423 625 1471 664 ἐκ
1489 623 1591 664 πλα-

96 701 186 753 γίου
233 700 308 738 καί
354 700 406 739 τὰ
455 698 580 739 ὀστέα
627 697 808 752 ῥαγέντα
859 697 1051 751 ἀνεσάπη
1094 698 1169 736 καὶ
1202 695 1353 749 διεξῄει
1385 696 1497 736 κατὰ
1533 710 1591 749 μι-

96 768 211 824 κρά’.
277 766 354 809 Ru

689 865 752 905 19.
788 864 1003 914 (LXVII.)

32 971 77 998 10
156 961 197 1000 V
232 960 287 1000 26
319 961 378 1009 (V
412 970 583 1012 224,17
629 960 699 1008 L.)
748 959 929 1013 δέρτρον]
971 958 1188 1013 δέρτρον·
1241 956 1482 1012 Ἑπικλῆς
1522 959 1593 1012 μὲν

97 1034 164 1073 τόν
213 1031 423 1073 ἐπίπλουν.
518 1033 615 1072 ἔνιοι
654 1031 699 1072 δὲ
737 1033 781 1071 το
821 1030 1088 1085 περιτόναιον.
1184 1029 1516 1084 Μητρόδωρος
1549 1029 1594 1069 δὲ

97 1106 142 1144 τὸ
176 1104 450 1158 ἐπιγάστριον,
487 1102 541 1152 ὡς
573 1105 648 1143 καὶ
680 1100 896 1157 Ὅμηρός
929 1114 1043 1155 φησι·

309 1205 414 1253 γῦπε
448 1198 493 1239 δέ
528 1213 592 1253 μιν
625 1198 833 1252 ἑκάτερθε
865 1197 1095 1252 παρημένω
1127 1197 1244 1251 ἧπαρ
1278 1197 1449 1250 ἔκειρον,

310 1269 475 1324 δέρτρον
508 1271 590 1310 ἔσω
625 1269 823 1318 δύνοντες.
890 1266 966 1309 Ru

32 1411 45 1438 1
60 1411 76 1438 5
658 1400 679 1424 =÷=
693 1400 760 1438 20.
796 1400 1031 1450 (LXVIII.)

157 1497 198 1536 V
232 1497 289 1536 60
322 1495 382 1545 (V
418 1507 561 1547 240,9
602 1497 670 1544 L.)
712 1495 910 1551 ἀλυσμός]
953 1497 1119 1550 ἀπορία,
1156 1497 1391 1551 ἀμηχανία,
1425 1495 1594 1549 ῥιπτασ-

100 1567 183 1622 μός.
249 1564 325 1607 Ru

703 1651 765 1691 21.
801 1652 993 1701 (LXIX.)

158 1747 200 1786 V
248 1747 301 1798 63
353 1747 411 1796 (V
461 1758 558 1796 242,
585 1758 633 1786 12
684 1747 753 1795 L.)
803 1746 1144 1802 έγγαστρίμυθοι]
1180 1744 1595 1800 ἐγγαστρίμυθοι·

33 1828 80 1854 20
102 1818 149 1867 ἃς
171 1818 374 1867 πύθωνάς
395 1832 498 1867 τινες
521 1819 734 1859 καλοῦσιν.
769 1820 854 1859 ἔστι
879 1819 923 1859 δὲ
941 1824 1021 1859 τῶν
1047 1817 1159 1868 ἅπαξ
1177 1816 1416 1872 εἰρημένων.
1451 1811 1598 1855 RnUn

713 1949 778 1987 22.
815 1949 987 1998 (LXX.)

160 2044 201 2083 V
237 2045 292 2084 86
326 2045 384 2093 (V
419 2054 516 2096 252,
543 2056 590 2084 12
627 2045 696 2093 L.)
731 2044 878 2100 ἀργὴς]
904 2044 1072 2100 ἀργὴς·
1098 2043 1258 2092 λευκός,
1284 2043 1338 2091 ὡς
1360 2039 1601 2096 καί”Ὀμη-

103 2114 185 2169 ρός
218 2128 356 2169 φησιν·

253 2199 387 2248 αἰετὸς
421 2200 555 2254 ἀργὴν
588 2206 704 2255 χῆνα
739 2200 874 2255 φέρων
908 2200 1101 2255 ὀνύχεσσι
1133 2198 1335 2252 πέλωρον.
1400 2193 1478 2236 Ru

198 2329 213 2358 1
247 2329 283 2360 ἐν
311 2329 352 2369 τῇ
384 2326 419 2368 β’
437 2331 506 2360 τῶν
530 2327 722 2369 Ἱστοριῶν]
751 2330 851 2360 immo
879 2330 944 2359 III
969 2330 1013 2359 66
1110 2329 1130 2358 4
1158 2328 1194 2359 ἐν
1215 2326 1431 2367 Ἐπιδημιῶν
1452 2323 1496 2366 ε’]
1518 2326 1603 2356 dnos

103 2389 192 2419 locos
219 2388 470 2419 eoutcwninauit
497 2389 607 2427 Erat„
623 2390 670 2419 22
688 2391 732 2428 (V
748 2390 827 2424 222,
847 2391 866 2419 7
883 2390 938 2427 L.)
958 2391 989 2419 et
1007 2389 1050 2418 41
1072 2389 1116 2427 (V
1131 2388 1211 2425 232,
1230 2387 1250 2416 6
1267 2387 1322 2424 L.)
1424 2386 1465 2416 12
1494 2384 1603 2425 “Ομη-

103 2448 176 2487 ρος]
205 2447 226 2478 λ
253 2448 325 2478 578
421 2452 474 2481 20.
504 2449 545 2487 cf.
567 2448 596 2479 A
625 2453 639 2481 l
744 2453 797 2482 21.
826 2450 867 2488 cf.
886 2450 967 2479 Hes.
988 2449 1032 2478 ΙΙ
1054 2448 1086 2484 5,
1102 2448 1147 2477 23
1246 2447 1288 2476 22
1302 2444 1474 2486 Ὅμηρος]
1497 2455 1514 2475 ο
1536 2445 1600 2474 161

199 2555 217 2585 3
246 2553 264 2585 ὁ
293 2554 438 2595 μυελὸς]
466 2554 529 2586 καὶ
556 2553 574 2586 ὁ
603 2555 717 2596 μηρὸς
742 2556 940 2586 Herodotus
1039 2555 1155 2594 ἐσάπη
1181 2554 1378 2583 Herodotus
1477 2553 1495 2582 ὃ
1525 2551 1602 2590 δορ-

102 2616 241 2655 πηστοῦ
268 2614 375 2654 Hipp.
473 2611 705 2654 Ἀριστίωνος
733 2615 866 2656 δούλης
895 2615 1096 2655 αὐτόματος
1125 2612 1143 2644 ὁ
1161 2612 1252 2652 ποὺς
1270 2612 1490 2652 ἐσφακέλισέ
1508 2610 1607 2642 κατὰ

107 2674 214 2714 μέσον
251 2674 313 2704 τοῦ
351 2674 464 2713 ποδὸς
496 2672 645 2706 ἔνδοθεν
680 2675 722 2706 ἐκ
754 2674 923 2716 πλαγίου,
955 2673 1019 2705 καὶ
1055 2674 1099 2705 τὰ
1133 2673 1239 2704 ὀστέα
1272 2672 1392 2711 σαπρὰ
1424 2671 1604 2712 γενόμενα

107 2733 258 2774 ἀπέστη,
284 2732 347 2764 καὶ
373 2734 469 2775 ἐξῄει
495 2734 592 2765 κατὰ
620 2735 744 2774 μικρόν
772 2734 880 2773 ΗίΡΡ.
1048 2734 1088 2764 11
1118 2732 1177 2764 τὸν
1205 2732 1375 2764 ἐπίπλουν
1402 2731 1504 2761 Klein
1522 2740 1527 2760 :
1544 2729 1606 2760 τὸν·

106 2792 281 2824 ἐπίπλοον
309 2793 392 2823 com'.
412 2794 622 2835 Darcmbery
648 2794 740 2824 ⁴218:
758 2793 822 2834 τὴν
852 2793 1002 2834 διπλόην
1022 2791 1083 2823 RH
1221 2791 1427 2831 περιτόνεον
1447 2788 1508 2820 RH

108 2852 150 2882 14
178 2851 335 2891 δέρτρων
362 2850 424 2882 ΒΗ
