1872 3194
289 167 341 192 XII

236 282 325 321 105,
351 270 420 310 [01.
453 271 612 318 1-24υ
641 269 893 307 Erotianum
917 268 1107 315 exhibet,
1133 269 1237 307 satis
1262 275 1476 316 accurate,
1502 268 1580 308 sed
1603 267 1715 307 festi-

230 349 356 381 nante
381 354 509 380 manu
533 340 753 391 scripturn.
804 338 977 379 Contuli
1000 340 1197 379 codicem
1220 340 1302 379 huc
1326 339 1511 391 benigne
1535 339 1711 378 missurn

227 427 262 451 a.
306 423 425 462 1913,
461 412 606 451 denuo
639 411 809 462 inspexi
843 410 1054 450 Bruxellis
1088 424 1123 450 a.
1166 422 1288 461 1914.

315 483 489 523 Codicis
528 483 564 521 L
604 482 812 534 gemellus
851 481 956 521 liber
995 482 1073 521 fuit
1112 496 1167 529 m,
1210 483 1283 534 qui
1319 483 1373 521 ad
1407 488 1596 521 nostram
1631 495 1715 520 me-

226 555 405 594 moriam
428 568 513 593 non
538 554 745 606 peruenit,
771 554 857 593 duo
882 554 1136 606 apographa
1159 560 1292 592 testes
1315 553 1496 605 reliquit,
1522 553 1566 592 M
1585 560 1628 592 et
1646 552 1708 591 O:

165 632 207 667 Μ
313 623 671 664 MARCIANVS
720 638 780 676 gr.
831 624 948 677 App.
996 624 1046 664 cl.
1088 625 1128 663 V
1173 634 1217 675 15
1270 625 1540 673 (Nannianus
1595 625 1709 674 249),

224 698 491 743 chartaceus,
532 695 691 735 saeculi
730 695 845 742 XVI,
887 695 1085 734 foliorum
1127 697 1218 746 158,
1261 695 1453 735 secundo
1494 694 1604 743 loco,
1641 694 1711 735 [01.

232 770 504 818 125Γ»---142υ
533 767 787 806 Erotianum
817 767 1007 818 praebet.
1058 766 1230 806 Contuli
1261 768 1301 805 in
1325 766 1597 806 Bibliotheca
1614 766 1711 805 Vic-

225 840 327 878 toris
346 838 606 886 Emanuelis,
627 852 713 890 quo
733 838 835 876 mihi
859 838 1039 889 roganti,
1060 838 1161 877 dum
1180 838 1346 877 Rornae
1366 851 1401 877 a.
1426 849 1535 888 1914
1553 851 1712 885 uersor,

226 925 248 949 a
295 910 636 949 moderatoribus
679 909 975 948 Bibliothecae
1017 909 1263 948 Marcianae
1297 909 1573 948 transmissus
1606 916 1714 957 erat;

225 981 501 1021 collationem
536 981 661 1020 reuisi
694 980 890 1020 Venetiis
924 994 959 1019 a.
1003 992 1123 1030 1914.

312 1053 461 1092 Frater
494 1052 657 1092 codicis
690 1052 748 1099 M,
784 1052 861 1091 sed
894 1051 964 1090 illo
999 1051 1134 1090 multo
1170 1051 1432 1103 corruptior:

174 1129 207 1165 Ο
314 1123 676 1163 OXONIENSIS
726 1122 938 1162 d'Oruillii
986 1137 1047 1174 gr.
1111 1122 1162 1161 X.
1218 1135 1249 1162 1.
1292 1135 1324 1162 1.
1362 1134 1398 1174 3,
1449 1123 1716 1170 chartaceus,

225 1195 383 1235 saeculi
407 1195 524 1241 XVI,
550 1194 748 1234 foliorum
774 1204 869 1245 245,
896 1194 965 1233 [01.
995 1195 1221 1245 166ἶ190
1244 1195 1498 1233 Erotianum
1519 1194 1714 1246 praebet.

225 1266 398 1306 Contuli
438 1266 640 1306 Oxoniae
675 1280 709 1305 a.
752 1278 872 1316 1914.

314 1338 349 1376 Ε
383 1338 535 1377 codice
569 1337 607 1377 O
642 1338 884 1389 descriptus
918 1344 1003 1376 est:

178 1413 209 1450 Ε
314 1407 788 1449 ESCVRIALENSIS
828 1422 888 1459 gr.
933 1423 973 1460 y.
989 1431 1043 1434 -—
1077 1409 1106 1447 Ι.
1142 1431 1195 1433 —
1237 1420 1275 1458 9,
1316 1408 1583 1455 chartaceus,
1624 1421 1715 1447 sae-

226 1480 308 1519 culi
344 1480 460 1526 XVI,
496 1480 694 1519 foliorum
733 1481 824 1527 181,
861 1480 930 1519 [01.
973 1481 1193 1530 153-—181
1233 1479 1488 1518 Erotianum
1521 1479 1711 1518 exhibet.

226 1551 378 1590 Codex
427 1552 528 1590 mihi
578 1551 631 1590 ad
681 1565 855 1590 manum
889 1565 972 1590 non
1020 1551 1108 1599 fuit,
1144 1558 1211 1590 sat
1249 1551 1378 1590 habui
1413 1550 1595 1602 paginas
1628 1563 1713 1589 non

226 1636 387 1674 paucas
420 1622 526 1662 lucis
559 1636 643 1674 ope
677 1623 875 1674 depictas
908 1623 1169 1669 examinare,
1206 1635 1228 1661 e
1261 1623 1415 1674 quibus
1439 1621 1533 1661 luce
1558 1620 1712 1661 clarius

225 1694 421 1733 codicem
455 1708 510 1733 ex
545 1693 582 1733 O
618 1700 765 1732 natum
799 1707 893 1732 esse
929 1694 1030 1733 uidi.

314 1765 422 1804 Cum
462 1765 497 1803 E
536 1765 780 1816 propinqua
825 1765 1085 1816 cognatione
1131 1765 1409 1804 coniunctum
1451 1777 1545 1803 esse
1580 1770 1709 1815 atque

226 1836 279 1875 ab
313 1850 364 1874 eo
399 1836 588 1887 pendere
623 1836 823 1887 equidem
857 1849 933 1887 pro
967 1842 1087 1875 certo
1120 1836 1260 1874 habeo
1294 1835 1492 1874 codicem
1525 1834 1576 1873 F:

178 1910 208 1945 F
313 1906 627 1947 PARISINVS
660 1920 720 1959 gr.
747 1907 873 1956 2614,
899 1907 1165 1951 chartaceus,
1191 1906 1349 1946 saeculi
1373 1906 1490 1953 XVI,
1516 1905 1713 1945 [0110111111

227 1979 292 2021 28,
329 1977 468 2017 solum
502 1978 754 2017 Erotianuin
788 1978 979 2029 praebet.
1030 1977 1117 2017 Sed
1151 1986 1196 2017 ut
1230 1978 1380 2017 codice
1414 1978 1450 2016 E
1484 1977 1711 2029 posterior,

230 2050 286 2087 ita
320 2063 403 2087 11011
438 2049 625 2088 deterior
658 2056 739 2096 est;
776 2049 979 2101 pleraque
1013 2050 1125 2088 enim
1160 2050 1328 2096 menda,
1362 2062 1473 2101 quae
1511 2047 1715 2088 socordia

224 2120 489 2159 librariorum
522 2121 723 2159 codicum
757 2120 795 2160 O
831 2127 873 2159 et
906 2120 942 2159 E
976 2128 1201 2172 procreata
1234 2127 1368 2167 erant,
1403 2120 1571 2160 sublata
1595 2129 1713 2169 sunt,

222 2191 338 2242 quod
388 2191 469 2230 alio
518 2191 681 2237 codice,
724 2191 763 2229 ni
805 2190 937 2237 fallor,
980 2192 1142 2231 codicis
1191 2192 1232 2230 K
1266 2198 1468 2243 cognato,
1509 2192 1715 2231 adhibito

222 2268 381 2307 factum
415 2269 491 2301 est.
548 2262 754 2301 Codicem
789 2263 870 2302 huc
906 2264 1082 2301 missum
1116 2262 1274 2302 contuli
1309 2276 1345 2302 a.
1387 2274 1506 2313 1913,
1544 2277 1719 2314 paucos

221 2329 341 2371 locos
376 2333 531 2372 dubios
565 2334 711 2372 denuo
745 2334 913 2385 inspexi
948 2334 1117 2373 Parisiis
1151 2348 1185 2372 a.
1231 2345 1350 2384 1914.

312 2474 377 2513 Dc
423 2476 620 2513 manibus
669 2476 993 2527 posterioribus,
1041 2489 1152 2528 quae
1196 2476 1463 2528 marginibus
1511 2476 1709 2515 codicum

223 2546 290 2584 hic
324 2545 405 2584 illic
437 2547 575 2585 uarias
599 2546 808 2586 lectiones
832 2547 1149 2599 adsperserunt,
1179 2554 1322 2586 tacere
1346 2547 1480 2598 potui,
1505 2547 1711 2598 quoniam

223 2624 488 2656 correctores
522 2631 595 2656 eas
625 2624 698 2656 aut
726 2632 781 2656 ex
805 2618 896 2656 aliis
919 2618 1144 2657 codicibus
1168 2617 1292 2656 nobis
1316 2617 1500 2669 cognitis
1524 2618 1707 2656 mutuati

224 2694 320 2725 sunt
351 2695 423 2725 aut
453 2688 686 2726 editionem
711 2688 917 2740 Stephani
943 2689 982 2727 in
1007 2702 1131 2727 usum
1154 2702 1279 2727 suum
1303 2694 1609 2727 conuerterunt
1632 2696 1706 2727 aut

224 2771 546 2809 nonnumquam
579 2760 835 2798 coniecturis
859 2759 1026 2798 silentio
1052 2759 1379 2810 praetereundis
1401 2758 1678 2798 indulserunt.
1698 2755 1709 2778 l

320 2849 329 2866 ¹
361 2855 410 2883 l)e
438 2855 531 2884 libris
559 2855 659 2884 hodie
686 2855 864 2884 latentibus
892 2857 1117 2895 ‹leperditisue
1148 2856 1224 2885 uide
1253 2856 1345 2885 stud.
1375 2864 1413 2894 31
1447 2866 1517 2895 sqq.
