<?xml version="1.0" encoding="UTF-8"?>
<!DOCTYPE html PUBLIC "-//W3C//DTD XHTML 1.0 Transitional//EN"
    "http://www.w3.org/TR/xhtml1/DTD/xhtml1-transitional.dtd">
<html xmlns="http://www.w3.org/1999/xhtml" xml:lang="en" lang="en">
 <head>
  <title>
</title>
<meta http-equiv="Content-Type" content="text/html;charset=utf-8" />
  <meta name='ocr-system' content='tesseract 3.04.00' />
  <meta name='ocr-capabilities' content='ocr_page ocr_carea ocr_par ocr_line ocrx_word'/>
</head>
<body>
  <div class='ocr_page' id='page_1' title='image "./erotianivocumhip00erotuoft_0019.png"; bbox 0 0 1872 3194; ppageno 0'>
   <div class='ocr_carea' id='block_1_1' title="bbox 1472 153 1526 179">
    <p class='ocr_par' dir='ltr' id='par_1_1' title="bbox 1472 153 1526 179">
     <span class='ocr_line' id='line_1_1' title="bbox 1472 153 1526 179; baseline -0.019 0"><span class='ocrx_word' id='word_1_1' title='bbox 1472 153 1526 179; x_wconf 74' lang='lat' dir='ltr'>XV</span> 
     </span>
    </p>
   </div>
   <div class='ocr_carea' id='block_1_2' title="bbox 97 259 1586 458">
    <p class='ocr_par' dir='ltr' id='par_1_2' title="bbox 97 259 1586 458">
     <span class='ocr_line' id='line_1_2' title="bbox 97 259 1583 311; baseline -0.005 -7"><span class='ocrx_word' id='word_1_2' title='bbox 97 264 209 311; x_wconf 88' lang='lat' dir='ltr'>baui,</span> <span class='ocrx_word' id='word_1_3' title='bbox 245 264 303 302; x_wconf 90' lang='lat' dir='ltr'>ita</span> <span class='ocrx_word' id='word_1_4' title='bbox 336 276 468 302; x_wconf 89' lang='lat' dir='ltr'>unum</span> <span class='ocrx_word' id='word_1_5' title='bbox 503 270 573 301; x_wconf 87' lang='lat' dir='ltr'>aut</span> <span class='ocrx_word' id='word_1_6' title='bbox 608 261 788 300; x_wconf 84' lang='lat' dir='ltr'>alterum</span> <span class='ocrx_word' id='word_1_7' title='bbox 821 261 1018 299; x_wconf 84' lang='lat' dir='ltr'><strong>codicem</strong></span> <span class='ocrx_word' id='word_1_8' title='bbox 1053 259 1192 299; x_wconf 89' lang='lat' dir='ltr'>adhuc</span> <span class='ocrx_word' id='word_1_9' title='bbox 1227 273 1311 298; x_wconf 92' lang='lat' dir='ltr'>non</span> <span class='ocrx_word' id='word_1_10' title='bbox 1345 259 1436 298; x_wconf 90' lang='lat' dir='ltr'>sine</span> <span class='ocrx_word' id='word_1_11' title='bbox 1461 259 1583 298; x_wconf 91' lang='lat' dir='ltr'>detri-</span> 
     </span>
     <span class='ocr_line' id='line_1_3' title="bbox 97 331 986 386; baseline -0.006 -12"><span class='ocrx_word' id='word_1_12' title='bbox 97 342 242 374; x_wconf 90' lang='lat' dir='ltr'>mento</span> <span class='ocrx_word' id='word_1_13' title='bbox 277 333 525 386; x_wconf 87' lang='lat' dir='ltr'>neglectum</span> <span class='ocrx_word' id='word_1_14' title='bbox 559 346 653 372; x_wconf 90' lang='lat' dir='ltr'>esse</span> <span class='ocrx_word' id='word_1_15' title='bbox 687 331 986 371; x_wconf 87' lang='lat' dir='ltr'>animaduerti.</span> 
     </span>
     <span class='ocr_line' id='line_1_4' title="bbox 185 402 1586 458; baseline -0.004 -13"><span class='ocrx_word' id='word_1_16' title='bbox 185 405 336 457; x_wconf 84' lang='lat' dir='ltr'>Atque</span> <span class='ocrx_word' id='word_1_17' title='bbox 376 404 616 456; x_wconf 79' lang='lat' dir='ltr'>fragmenta</span> <span class='ocrx_word' id='word_1_18' title='bbox 655 403 846 442; x_wconf 86' lang='lat' dir='ltr'>Erotiani</span> <span class='ocrx_word' id='word_1_19' title='bbox 884 402 1126 458; x_wconf 72' lang='lat' dir='ltr'>exploranti</span> <span class='ocrx_word' id='word_1_20' title='bbox 1161 402 1240 440; x_wconf 86' lang='lat' dir='ltr'>tria</span> <span class='ocrx_word' id='word_1_21' title='bbox 1273 414 1432 453; x_wconf 86' lang='lat' dir='ltr'>genera</span> <span class='ocrx_word' id='word_1_22' title='bbox 1465 402 1586 440; x_wconf 87' lang='lat' dir='ltr'>scho-</span> 
     </span>
    </p>
   </div>
   <div class='ocr_carea' id='block_1_3' title="bbox 95 468 1588 594">
    <p class='ocr_par' dir='ltr' id='par_1_3' title="bbox 95 468 1588 594">
     <span class='ocr_line' id='line_1_5' title="bbox 95 468 1588 528; baseline -0.003 -12"><span class='ocrx_word' id='word_1_23' title='bbox 95 476 248 516; x_wconf 88' lang='lat' dir='ltr'>liorum</span> <span class='ocrx_word' id='word_1_24' title='bbox 272 476 579 528; x_wconf 88' lang='lat' dir='ltr'>distinguenda</span> <span class='ocrx_word' id='word_1_25' title='bbox 603 482 644 514; x_wconf 88' lang='lat' dir='ltr'>et</span> <span class='ocrx_word' id='word_1_26' title='bbox 667 473 941 514; x_wconf 87' lang='lat' dir='ltr'>obseruanda</span> <span class='ocrx_word' id='word_1_27' title='bbox 960 486 1054 512; x_wconf 86' lang='lat' dir='ltr'>csse</span> <span class='ocrx_word' id='word_1_28' title='bbox 1073 473 1289 512; x_wconf 87' lang='lat' dir='ltr'>uidentur:</span> <span class='ocrx_word' id='word_1_29' title='bbox 1311 471 1486 512; x_wconf 84' lang='lat' dir='ltr'>Scholia</span> <span class='ocrx_word' id='word_1_30' title='bbox 1507 468 1588 519; x_wconf 63' lang='lat' dir='ltr'>RH,</span> 
     </span>
     <span class='ocr_line' id='line_1_6' title="bbox 97 541 739 594; baseline -0.005 -6"><span class='ocrx_word' id='word_1_31' title='bbox 97 547 272 588; x_wconf 82' lang='lat' dir='ltr'>Scholia</span> <span class='ocrx_word' id='word_1_32' title='bbox 306 543 406 594; x_wconf 57' lang='lat' dir='ltr'>BQ,</span> <span class='ocrx_word' id='word_1_33' title='bbox 442 545 618 587; x_wconf 83' lang='lat' dir='ltr'>Scholia</span> <span class='ocrx_word' id='word_1_34' title='bbox 658 541 739 586; x_wconf 82' lang='lat' dir='ltr'>V&#39;‘.</span> 
     </span>
    </p>
   </div>
   <div class='ocr_carea' id='block_1_4' title="bbox 277 733 704 786">
    <p class='ocr_par' dir='ltr' id='par_1_4' title="bbox 277 733 704 786">
     <span class='ocr_line' id='line_1_7' title="bbox 277 733 704 786; baseline -0.005 -8"><span class='ocrx_word' id='word_1_35' title='bbox 277 739 316 786; x_wconf 83' lang='lat' dir='ltr'>a)</span> <span class='ocrx_word' id='word_1_36' title='bbox 370 738 582 778; x_wconf 80' lang='lat' dir='ltr'>Scholia</span> <span class='ocrx_word' id='word_1_37' title='bbox 623 733 704 776; x_wconf 68' lang='lat' dir='ltr'>RH.</span> 
     </span>
    </p>
   </div>
   <div class='ocr_carea' id='block_1_5' title="bbox 95 843 1694 969">
    <p class='ocr_par' dir='ltr' id='par_1_5' title="bbox 95 843 1694 969">
     <span class='ocr_line' id='line_1_8' title="bbox 184 843 1694 897; baseline -0.002 -12"><span class='ocrx_word' id='word_1_38' title='bbox 184 845 541 886; x_wconf 81' lang='lat' dir='ltr'>VATICANVS</span> <span class='ocrx_word' id='word_1_39' title='bbox 575 859 636 897; x_wconf 88' lang='lat' dir='ltr'>gr.</span> <span class='ocrx_word' id='word_1_40' title='bbox 673 855 769 896; x_wconf 88' lang='lat'>277,</span> <span class='ocrx_word' id='word_1_41' title='bbox 796 844 849 883; x_wconf 90' lang='lat' dir='ltr'>de</span> <span class='ocrx_word' id='word_1_42' title='bbox 882 858 969 896; x_wconf 92' lang='lat' dir='ltr'>quo</span> <span class='ocrx_word' id='word_1_43' title='bbox 1003 857 1133 895; x_wconf 87' lang='lat' dir='ltr'>supra</span> <span class='ocrx_word' id='word_1_44' title='bbox 1167 857 1206 895; x_wconf 91' lang='lat' dir='ltr'>p.</span> <span class='ocrx_word' id='word_1_45' title='bbox 1232 856 1297 882; x_wconf 80' lang='lat' dir='ltr'>viii</span> <span class='ocrx_word' id='word_1_46' title='bbox 1321 844 1402 895; x_wconf 91' lang='lat' dir='ltr'>egi.</span> <span class='ocrx_word' id='word_1_47' title='bbox 1459 843 1588 883; x_wconf 88' lang='lat' dir='ltr'>Scho-</span> <span class='ocrx_word' id='word_1_48' title='bbox 1618 845 1694 892; x_wconf 79' lang='lat' dir='ltr'>RH</span> 
     </span>
     <span class='ocr_line' id='line_1_9' title="bbox 95 916 1231 969; baseline -0.003 -12"><span class='ocrx_word' id='word_1_49' title='bbox 95 918 150 957; x_wconf 87' lang='lat' dir='ltr'>lia</span> <span class='ocrx_word' id='word_1_50' title='bbox 183 926 225 957; x_wconf 91' lang='lat' dir='ltr'>et</span> <span class='ocrx_word' id='word_1_51' title='bbox 258 917 428 969; x_wconf 82' lang='lat' dir='ltr'>glossas</span> <span class='ocrx_word' id='word_1_52' title='bbox 461 918 553 969; x_wconf 90' lang='lat' dir='ltr'>ipse</span> <span class='ocrx_word' id='word_1_53' title='bbox 587 916 795 968; x_wconf 83' lang='lat' dir='ltr'>descripsi</span> <span class='ocrx_word' id='word_1_54' title='bbox 830 916 997 955; x_wconf 87' lang='lat' dir='ltr'>Romae</span> <span class='ocrx_word' id='word_1_55' title='bbox 1032 929 1068 954; x_wconf 89' lang='lat' dir='ltr'>a.</span> <span class='ocrx_word' id='word_1_56' title='bbox 1110 926 1231 966; x_wconf 83' lang='lat'>1914.</span> 
     </span>
    </p>
   </div>
   <div class='ocr_carea' id='block_1_6' title="bbox 95 998 1693 1123">
    <p class='ocr_par' dir='ltr' id='par_1_6' title="bbox 95 998 1693 1123">
     <span class='ocr_line' id='line_1_10' title="bbox 183 998 1693 1051; baseline -0.003 -11"><span class='ocrx_word' id='word_1_57' title='bbox 183 999 539 1040; x_wconf 83' lang='lat' dir='ltr'>VATICANVS</span> <span class='ocrx_word' id='word_1_58' title='bbox 558 998 823 1039; x_wconf 80' lang='lat' dir='ltr'><strong>VRBINAS</strong></span> <span class='ocrx_word' id='word_1_59' title='bbox 842 1012 901 1051; x_wconf 88' lang='lat' dir='ltr'>gr.</span> <span class='ocrx_word' id='word_1_60' title='bbox 920 999 989 1048; x_wconf 78' lang='lat'>64,</span> <span class='ocrx_word' id='word_1_61' title='bbox 1011 999 1279 1045; x_wconf 85' lang='lat' dir='ltr'>chartaceus,</span> <span class='ocrx_word' id='word_1_62' title='bbox 1299 998 1458 1038; x_wconf 88' lang='lat' dir='ltr'>saeculi</span> <span class='ocrx_word' id='word_1_63' title='bbox 1475 998 1590 1045; x_wconf 80' lang='lat' dir='ltr'>XIV,</span> <span class='ocrx_word' id='word_1_64' title='bbox 1622 999 1693 1046; x_wconf 79' lang='lat' dir='ltr'>UH</span> 
     </span>
     <span class='ocr_line' id='line_1_11' title="bbox 95 1070 1588 1123; baseline -0.002 -12"><span class='ocrx_word' id='word_1_65' title='bbox 95 1072 293 1112; x_wconf 87' lang='lat' dir='ltr'>foliorum</span> <span class='ocrx_word' id='word_1_66' title='bbox 325 1082 425 1123; x_wconf 82' lang='lat'>437.</span> <span class='ocrx_word' id='word_1_67' title='bbox 482 1071 658 1111; x_wconf 82' lang='lat' dir='ltr'>Scholia</span> <span class='ocrx_word' id='word_1_68' title='bbox 691 1078 734 1110; x_wconf 87' lang='lat' dir='ltr'>et</span> <span class='ocrx_word' id='word_1_69' title='bbox 766 1070 935 1123; x_wconf 81' lang='lat' dir='ltr'>glossas</span> <span class='ocrx_word' id='word_1_70' title='bbox 968 1070 1177 1122; x_wconf 89' lang='lat' dir='ltr'>descripsi</span> <span class='ocrx_word' id='word_1_71' title='bbox 1211 1070 1378 1109; x_wconf 89' lang='lat' dir='ltr'>Romae</span> <span class='ocrx_word' id='word_1_72' title='bbox 1402 1084 1437 1109; x_wconf 91' lang='lat' dir='ltr'>a.</span> <span class='ocrx_word' id='word_1_73' title='bbox 1469 1081 1588 1120; x_wconf 77' lang='lat'>1914.</span> 
     </span>
    </p>
   </div>
   <div class='ocr_carea' id='block_1_7' title="bbox 97 1150 1787 1420">
    <p class='ocr_par' dir='ltr' id='par_1_7' title="bbox 97 1150 1787 1420">
     <span class='ocr_line' id='line_1_12' title="bbox 183 1150 1787 1207; baseline -0.001 -13"><span class='ocrx_word' id='word_1_74' title='bbox 183 1154 499 1195; x_wconf 86' lang='lat' dir='ltr'>PARISINVS</span> <span class='ocrx_word' id='word_1_75' title='bbox 539 1168 601 1207; x_wconf 86' lang='lat' dir='ltr'>gr.</span> <span class='ocrx_word' id='word_1_76' title='bbox 643 1158 820 1206; x_wconf 75' lang='lat' dir='ltr'>2255s4‚</span> <span class='ocrx_word' id='word_1_77' title='bbox 865 1154 1133 1201; x_wconf 84' lang='lat' dir='ltr'>chartaceus,</span> <span class='ocrx_word' id='word_1_78' title='bbox 1169 1153 1330 1193; x_wconf 88' lang='lat' dir='ltr'>saeculi</span> <span class='ocrx_word' id='word_1_79' title='bbox 1364 1150 1587 1201; x_wconf 51' lang='lat' dir='ltr'>XIVs‘XV,</span> <span class='ocrx_word' id='word_1_80' title='bbox 1619 1153 1787 1198; x_wconf 50' lang='lat' dir='ltr'><em>EHJDH</em></span> 
     </span>
     <span class='ocr_line' id='line_1_13' title="bbox 97 1223 1590 1278; baseline -0.002 -12"><span class='ocrx_word' id='word_1_81' title='bbox 97 1223 168 1266; x_wconf 76' lang='lat' dir='ltr'>Eu</span> <span class='ocrx_word' id='word_1_82' title='bbox 209 1237 290 1278; x_wconf 84' lang='lat'>397</span> <span class='ocrx_word' id='word_1_83' title='bbox 332 1226 543 1273; x_wconf 88' lang='lat' dir='ltr'>foliorum,</span> <span class='ocrx_word' id='word_1_84' title='bbox 588 1226 665 1265; x_wconf 69' lang='lat' dir='ltr'>DJ!</span> <span class='ocrx_word' id='word_1_85' title='bbox 705 1227 785 1277; x_wconf 84' lang='lat'>387</span> <span class='ocrx_word' id='word_1_86' title='bbox 822 1225 1034 1273; x_wconf 85' lang='lat' dir='ltr'>foliorum,</span> <span class='ocrx_word' id='word_1_87' title='bbox 1071 1225 1365 1277; x_wconf 87' lang='lat' dir='ltr'>plenissimam</span> <span class='ocrx_word' id='word_1_88' title='bbox 1399 1226 1590 1264; x_wconf 88' lang='lat' dir='ltr'>omnium</span> 
     </span>
     <span class='ocr_line' id='line_1_14' title="bbox 97 1295 1584 1350; baseline -0.001 -13"><span class='ocrx_word' id='word_1_89' title='bbox 97 1299 170 1350; x_wconf 89' lang='lat' dir='ltr'>qui</span> <span class='ocrx_word' id='word_1_90' title='bbox 193 1304 368 1337; x_wconf 84' lang='lat' dir='ltr'>exstant</span> <span class='ocrx_word' id='word_1_91' title='bbox 390 1297 592 1337; x_wconf 90' lang='lat' dir='ltr'>codicum</span> <span class='ocrx_word' id='word_1_92' title='bbox 615 1296 820 1336; x_wconf 86' lang='lat' dir='ltr'>librorum</span> <span class='ocrx_word' id='word_1_93' title='bbox 844 1297 1258 1348; x_wconf 88' lang='lat' dir='ltr'>Hippocraticorum</span> <span class='ocrx_word' id='word_1_94' title='bbox 1281 1295 1584 1336; x_wconf 90' lang='lat' dir='ltr'>collectionem</span> 
     </span>
     <span class='ocr_line' id='line_1_15' title="bbox 99 1368 1210 1420; baseline -0.002 -11"><span class='ocrx_word' id='word_1_95' title='bbox 99 1369 290 1409; x_wconf 88' lang='lat' dir='ltr'>exhibet.</span> <span class='ocrx_word' id='word_1_96' title='bbox 357 1368 532 1409; x_wconf 90' lang='lat' dir='ltr'>Scholia</span> <span class='ocrx_word' id='word_1_97' title='bbox 565 1369 774 1420; x_wconf 89' lang='lat' dir='ltr'>descripsi</span> <span class='ocrx_word' id='word_1_98' title='bbox 807 1369 977 1408; x_wconf 88' lang='lat' dir='ltr'>Parisiis</span> <span class='ocrx_word' id='word_1_99' title='bbox 1011 1382 1046 1407; x_wconf 92' lang='lat' dir='ltr'>a.</span> <span class='ocrx_word' id='word_1_100' title='bbox 1089 1379 1210 1418; x_wconf 80' lang='lat'>1914.</span> 
     </span>
    </p>
   </div>
   <div class='ocr_carea' id='block_1_8' title="bbox 98 1452 1693 1721">
    <p class='ocr_par' dir='ltr' id='par_1_8' title="bbox 98 1452 1693 1721">
     <span class='ocr_line' id='line_1_16' title="bbox 186 1452 1693 1505; baseline -0.001 -13"><span class='ocrx_word' id='word_1_101' title='bbox 186 1452 679 1493; x_wconf 86' lang='lat' dir='ltr'>VINDOBONENSIS</span> <span class='ocrx_word' id='word_1_102' title='bbox 718 1453 912 1492; x_wconf 83' lang='lat' dir='ltr'>medicus</span> <span class='ocrx_word' id='word_1_103' title='bbox 953 1466 1012 1505; x_wconf 87' lang='lat' dir='ltr'>gr.</span> <span class='ocrx_word' id='word_1_104' title='bbox 1048 1463 1117 1503; x_wconf 79' lang='grc'>43,</span> <span class='ocrx_word' id='word_1_105' title='bbox 1159 1452 1258 1491; x_wconf 88' lang='lat' dir='ltr'>uide</span> <span class='ocrx_word' id='word_1_106' title='bbox 1298 1465 1428 1504; x_wconf 88' lang='lat' dir='ltr'>supra</span> <span class='ocrx_word' id='word_1_107' title='bbox 1462 1465 1502 1503; x_wconf 89' lang='lat' dir='ltr'>p.</span> <span class='ocrx_word' id='word_1_108' title='bbox 1537 1465 1590 1499; x_wconf 78' lang='lat' dir='ltr'>lx,</span> <span class='ocrx_word' id='word_1_109' title='bbox 1623 1452 1693 1496; x_wconf 79' lang='lat' dir='ltr'>CH</span> 
     </span>
     <span class='ocr_line' id='line_1_17' title="bbox 98 1523 1589 1577; baseline -0.003 -12"><span class='ocrx_word' id='word_1_110' title='bbox 98 1525 169 1566; x_wconf 92' lang='lat' dir='ltr'>fol.</span> <span class='ocrx_word' id='word_1_111' title='bbox 217 1526 498 1576; x_wconf 66' lang='lat' dir='ltr'>122s—13,2{3u</span> <span class='ocrx_word' id='word_1_112' title='bbox 545 1532 755 1577; x_wconf 82' lang='lat' dir='ltr'>excerpta</span> <span class='ocrx_word' id='word_1_113' title='bbox 804 1524 1217 1576; x_wconf 87' lang='lat' dir='ltr'>Hippocraticorum</span> <span class='ocrx_word' id='word_1_114' title='bbox 1251 1523 1455 1562; x_wconf 86' lang='lat' dir='ltr'>librorum</span> <span class='ocrx_word' id='word_1_115' title='bbox 1489 1537 1589 1575; x_wconf 91' lang='lat' dir='ltr'>quo-</span> 
     </span>
     <span class='ocr_line' id='line_1_18' title="bbox 99 1594 1592 1650; baseline -0.002 -14"><span class='ocrx_word' id='word_1_116' title='bbox 99 1597 280 1637; x_wconf 88' lang='lat' dir='ltr'>rundam</span> <span class='ocrx_word' id='word_1_117' title='bbox 324 1597 516 1650; x_wconf 86' lang='lat' dir='ltr'>praebet,</span> <span class='ocrx_word' id='word_1_118' title='bbox 565 1610 750 1649; x_wconf 87' lang='lat' dir='ltr'>quorum</span> <span class='ocrx_word' id='word_1_119' title='bbox 784 1596 1000 1648; x_wconf 87' lang='lat' dir='ltr'>margines</span> <span class='ocrx_word' id='word_1_120' title='bbox 1033 1603 1099 1634; x_wconf 90' lang='lat' dir='ltr'>sat</span> <span class='ocrx_word' id='word_1_121' title='bbox 1132 1594 1278 1634; x_wconf 87' lang='lat' dir='ltr'>multis</span> <span class='ocrx_word' id='word_1_122' title='bbox 1312 1594 1486 1635; x_wconf 85' lang='lat' dir='ltr'>scholiis</span> <span class='ocrx_word' id='word_1_123' title='bbox 1520 1595 1592 1633; x_wconf 93' lang='lat' dir='ltr'>im-</span> 
     </span>
     <span class='ocr_line' id='line_1_19' title="bbox 98 1667 1113 1721; baseline -0.002 -13"><span class='ocrx_word' id='word_1_124' title='bbox 98 1668 205 1721; x_wconf 89' lang='lat' dir='ltr'>pleti</span> <span class='ocrx_word' id='word_1_125' title='bbox 239 1676 348 1708; x_wconf 85' lang='lat' dir='ltr'>sunt.</span> <span class='ocrx_word' id='word_1_126' title='bbox 414 1668 636 1720; x_wconf 88' lang='lat' dir='ltr'>Descripsi</span> <span class='ocrx_word' id='word_1_127' title='bbox 671 1667 880 1720; x_wconf 87' lang='lat' dir='ltr'>Vpsaliae</span> <span class='ocrx_word' id='word_1_128' title='bbox 913 1682 949 1707; x_wconf 92' lang='lat' dir='ltr'>a.</span> <span class='ocrx_word' id='word_1_129' title='bbox 991 1678 1113 1718; x_wconf 80' lang='lat'>1913.</span> 
     </span>
    </p>
   </div>
   <div class='ocr_carea' id='block_1_9' title="bbox 100 1750 1602 2862">
    <p class='ocr_par' dir='ltr' id='par_1_9' title="bbox 100 1750 1602 2862">
     <span class='ocr_line' id='line_1_20' title="bbox 189 1750 1592 1805; baseline -0.002 -14"><span class='ocrx_word' id='word_1_130' title='bbox 189 1751 369 1805; x_wconf 88' lang='lat' dir='ltr'>Singula</span> <span class='ocrx_word' id='word_1_131' title='bbox 407 1752 461 1791; x_wconf 91' lang='lat' dir='ltr'>de</span> <span class='ocrx_word' id='word_1_132' title='bbox 500 1752 658 1804; x_wconf 89' lang='lat' dir='ltr'>quibus</span> <span class='ocrx_word' id='word_1_133' title='bbox 699 1752 840 1803; x_wconf 87' lang='lat' dir='ltr'>agitur</span> <span class='ocrx_word' id='word_1_134' title='bbox 878 1751 1044 1791; x_wconf 91' lang='lat' dir='ltr'>scholia</span> <span class='ocrx_word' id='word_1_135' title='bbox 1082 1750 1350 1803; x_wconf 89' lang='lat' dir='ltr'>singulorum</span> <span class='ocrx_word' id='word_1_136' title='bbox 1390 1750 1592 1790; x_wconf 88' lang='lat' dir='ltr'>codicum</span> 
     </span>
     <span class='ocr_line' id='line_1_21' title="bbox 100 1822 1592 1876; baseline -0.003 -13"><span class='ocrx_word' id='word_1_137' title='bbox 100 1824 254 1863; x_wconf 90' lang='lat' dir='ltr'>eadem</span> <span class='ocrx_word' id='word_1_138' title='bbox 293 1837 377 1876; x_wconf 90' lang='lat' dir='ltr'>qua</span> <span class='ocrx_word' id='word_1_139' title='bbox 416 1830 564 1863; x_wconf 84' lang='lat' dir='ltr'>textus</span> <span class='ocrx_word' id='word_1_140' title='bbox 597 1837 727 1862; x_wconf 88' lang='lat' dir='ltr'>manu</span> <span class='ocrx_word' id='word_1_141' title='bbox 761 1823 923 1874; x_wconf 90' lang='lat' dir='ltr'>scripta</span> <span class='ocrx_word' id='word_1_142' title='bbox 955 1830 1054 1862; x_wconf 89' lang='lat' dir='ltr'>sunt</span> <span class='ocrx_word' id='word_1_143' title='bbox 1088 1830 1130 1862; x_wconf 86' lang='lat' dir='ltr'>et</span> <span class='ocrx_word' id='word_1_144' title='bbox 1163 1829 1282 1862; x_wconf 93' lang='lat' dir='ltr'>certo</span> <span class='ocrx_word' id='word_1_145' title='bbox 1316 1822 1473 1861; x_wconf 88' lang='lat' dir='ltr'>certius</span> <span class='ocrx_word' id='word_1_146' title='bbox 1508 1834 1592 1860; x_wconf 86' lang='lat' dir='ltr'>una</span> 
     </span>
     <span class='ocr_line' id='line_1_22' title="bbox 101 1892 1593 1947; baseline -0.003 -12"><span class='ocrx_word' id='word_1_147' title='bbox 101 1909 201 1935; x_wconf 92' lang='lat' dir='ltr'>cum</span> <span class='ocrx_word' id='word_1_148' title='bbox 233 1902 356 1935; x_wconf 83' lang='lat' dir='ltr'>textu</span> <span class='ocrx_word' id='word_1_149' title='bbox 391 1909 447 1935; x_wconf 88' lang='lat' dir='ltr'>ex</span> <span class='ocrx_word' id='word_1_150' title='bbox 481 1895 645 1934; x_wconf 90' lang='lat' dir='ltr'>eisdem</span> <span class='ocrx_word' id='word_1_151' title='bbox 678 1894 1003 1947; x_wconf 80' lang='lat' dir='ltr'>exemplaribus</span> <span class='ocrx_word' id='word_1_152' title='bbox 1037 1894 1267 1934; x_wconf 84' lang='lat' dir='ltr'>fluxerunt.</span> <span class='ocrx_word' id='word_1_153' title='bbox 1333 1893 1486 1945; x_wconf 84' lang='lat' dir='ltr'>Neque</span> <span class='ocrx_word' id='word_1_154' title='bbox 1520 1892 1593 1931; x_wconf 91' lang='lat' dir='ltr'>du-</span> 
     </span>
     <span class='ocr_line' id='line_1_23' title="bbox 100 1964 1592 2019; baseline -0.002 -14"><span class='ocrx_word' id='word_1_155' title='bbox 100 1967 219 2006; x_wconf 91' lang='lat' dir='ltr'>bium</span> <span class='ocrx_word' id='word_1_156' title='bbox 258 1974 336 2014; x_wconf 90' lang='lat' dir='ltr'>est,</span> <span class='ocrx_word' id='word_1_157' title='bbox 376 1967 479 2019; x_wconf 90' lang='lat' dir='ltr'>quin</span> <span class='ocrx_word' id='word_1_158' title='bbox 519 1966 664 2006; x_wconf 87' lang='lat' dir='ltr'>omnia</span> <span class='ocrx_word' id='word_1_159' title='bbox 703 1980 758 2005; x_wconf 89' lang='lat' dir='ltr'>ex</span> <span class='ocrx_word' id='word_1_160' title='bbox 798 1967 954 2006; x_wconf 89' lang='lat' dir='ltr'>eodem</span> <span class='ocrx_word' id='word_1_161' title='bbox 993 1967 1233 2017; x_wconf 86' lang='lat' dir='ltr'>archetypo</span> <span class='ocrx_word' id='word_1_162' title='bbox 1275 1964 1592 2004; x_wconf 87' lang='lat' dir='ltr'>descenderint.</span> 
     </span>
     <span class='ocr_line' id='line_1_24' title="bbox 102 2033 1596 2090; baseline -0.002 -13"><span class='ocrx_word' id='word_1_163' title='bbox 102 2037 380 2090; x_wconf 77' lang='lat' dir='ltr'>Quamquam</span> <span class='ocrx_word' id='word_1_164' title='bbox 414 2037 542 2090; x_wconf 91' lang='lat' dir='ltr'>longe</span> <span class='ocrx_word' id='word_1_165' title='bbox 575 2038 808 2090; x_wconf 88' lang='lat' dir='ltr'>integriora</span> <span class='ocrx_word' id='word_1_166' title='bbox 841 2045 884 2077; x_wconf 90' lang='lat' dir='ltr'>et</span> <span class='ocrx_word' id='word_1_167' title='bbox 917 2038 1116 2077; x_wconf 88' lang='lat' dir='ltr'>uberiora</span> <span class='ocrx_word' id='word_1_168' title='bbox 1148 2033 1219 2076; x_wconf 69' lang='lat' dir='ltr'>RH</span> <span class='ocrx_word' id='word_1_169' title='bbox 1253 2036 1432 2076; x_wconf 88' lang='lat' dir='ltr'>exhibet</span> <span class='ocrx_word' id='word_1_170' title='bbox 1464 2049 1596 2087; x_wconf 90' lang='lat' dir='ltr'>quam</span> 
     </span>
     <span class='ocr_line' id='line_1_25' title="bbox 102 2107 1595 2161; baseline -0.001 -12"><span class='ocrx_word' id='word_1_171' title='bbox 102 2110 234 2149; x_wconf 86' lang='lat' dir='ltr'>ceteri</span> <span class='ocrx_word' id='word_1_172' title='bbox 283 2110 468 2149; x_wconf 91' lang='lat' dir='ltr'>codices.</span> <span class='ocrx_word' id='word_1_173' title='bbox 534 2109 687 2161; x_wconf 87' lang='lat' dir='ltr'>Neque</span> <span class='ocrx_word' id='word_1_174' title='bbox 731 2110 785 2149; x_wconf 90' lang='lat' dir='ltr'>ad</span> <span class='ocrx_word' id='word_1_175' title='bbox 825 2117 994 2149; x_wconf 88' lang='lat' dir='ltr'>textum</span> <span class='ocrx_word' id='word_1_176' title='bbox 1041 2108 1396 2149; x_wconf 88' lang='lat' dir='ltr'>constituendum</span> <span class='ocrx_word' id='word_1_177' title='bbox 1444 2107 1595 2147; x_wconf 88' lang='lat' dir='ltr'>codice</span> 
     </span>
     <span class='ocr_line' id='line_1_26' title="bbox 101 2177 1597 2233; baseline -0.003 -13"><span class='ocrx_word' id='word_1_178' title='bbox 101 2177 272 2226; x_wconf 68' lang='lat' dir='ltr'><em>EJzsDu</em></span> <span class='ocrx_word' id='word_1_179' title='bbox 305 2181 480 2220; x_wconf 91' lang='lat' dir='ltr'>omnino</span> <span class='ocrx_word' id='word_1_180' title='bbox 514 2194 625 2232; x_wconf 91' lang='lat' dir='ltr'>opus</span> <span class='ocrx_word' id='word_1_181' title='bbox 657 2189 735 2228; x_wconf 87' lang='lat' dir='ltr'>est,</span> <span class='ocrx_word' id='word_1_182' title='bbox 767 2181 868 2233; x_wconf 89' lang='lat' dir='ltr'>quia</span> <span class='ocrx_word' id='word_1_183' title='bbox 891 2194 990 2220; x_wconf 90' lang='lat' dir='ltr'>cum</span> <span class='ocrx_word' id='word_1_184' title='bbox 1021 2177 1086 2221; x_wconf 73' lang='lat' dir='ltr'>Ua</span> <span class='ocrx_word' id='word_1_185' title='bbox 1109 2179 1382 2232; x_wconf 87' lang='lat' dir='ltr'>cognationis</span> <span class='ocrx_word' id='word_1_186' title='bbox 1406 2178 1597 2231; x_wconf 88' lang='lat' dir='ltr'>quadam</span> 
     </span>
     <span class='ocr_line' id='line_1_27' title="bbox 102 2245 1596 2304; baseline -0.002 -13"><span class='ocrx_word' id='word_1_187' title='bbox 102 2252 275 2292; x_wconf 91' lang='lat' dir='ltr'>uinculo</span> <span class='ocrx_word' id='word_1_188' title='bbox 324 2259 413 2291; x_wconf 90' lang='lat' dir='ltr'>arte</span> <span class='ocrx_word' id='word_1_189' title='bbox 462 2252 680 2291; x_wconf 88' lang='lat' dir='ltr'>cohaeret.</span> <span class='ocrx_word' id='word_1_190' title='bbox 745 2252 858 2291; x_wconf 88' lang='lat' dir='ltr'>Nam</span> <span class='ocrx_word' id='word_1_191' title='bbox 903 2266 982 2291; x_wconf 89' lang='lat' dir='ltr'>eae</span> <span class='ocrx_word' id='word_1_192' title='bbox 1025 2259 1168 2304; x_wconf 88' lang='lat' dir='ltr'>partes</span> <span class='ocrx_word' id='word_1_193' title='bbox 1207 2251 1372 2290; x_wconf 89' lang='lat' dir='ltr'>codicis</span> <span class='ocrx_word' id='word_1_194' title='bbox 1411 2245 1596 2297; x_wconf 60' lang='lat' dir='ltr'>El&#39;f&#39;DH,</span> 
     </span>
     <span class='ocr_line' id='line_1_28' title="bbox 103 2319 1599 2375; baseline -0.001 -13"><span class='ocrx_word' id='word_1_195' title='bbox 103 2337 215 2375; x_wconf 89' lang='lat' dir='ltr'>quae</span> <span class='ocrx_word' id='word_1_196' title='bbox 248 2323 423 2363; x_wconf 90' lang='lat' dir='ltr'>scholiis</span> <span class='ocrx_word' id='word_1_197' title='bbox 456 2324 691 2363; x_wconf 88' lang='lat' dir='ltr'>instructae</span> <span class='ocrx_word' id='word_1_198' title='bbox 725 2331 837 2371; x_wconf 89' lang='lat' dir='ltr'>sunt,</span> <span class='ocrx_word' id='word_1_199' title='bbox 874 2332 946 2362; x_wconf 87' lang='lat' dir='ltr'>aut</span> <span class='ocrx_word' id='word_1_200' title='bbox 981 2336 1035 2362; x_wconf 91' lang='lat' dir='ltr'>ex</span> <span class='ocrx_word' id='word_1_201' title='bbox 1072 2319 1137 2363; x_wconf 66' lang='grc' dir='ltr'>[Ἥ</span> <span class='ocrx_word' id='word_1_202' title='bbox 1171 2329 1256 2369; x_wconf 85' lang='lat' dir='ltr'>aut,</span> <span class='ocrx_word' id='word_1_203' title='bbox 1286 2322 1329 2361; x_wconf 93' lang='lat' dir='ltr'>id</span> <span class='ocrx_word' id='word_1_204' title='bbox 1352 2321 1470 2373; x_wconf 89' lang='lat' dir='ltr'>quod</span> <span class='ocrx_word' id='word_1_205' title='bbox 1495 2321 1599 2360; x_wconf 88' lang='lat' dir='ltr'>mihi</span> 
     </span>
     <span class='ocr_line' id='line_1_29' title="bbox 104 2389 1598 2446; baseline -0.002 -12"><span class='ocrx_word' id='word_1_206' title='bbox 104 2394 369 2446; x_wconf 86' lang='lat' dir='ltr'>probabilius</span> <span class='ocrx_word' id='word_1_207' title='bbox 417 2395 602 2442; x_wconf 83' lang='lat' dir='ltr'>uidetur,</span> <span class='ocrx_word' id='word_1_208' title='bbox 649 2408 704 2434; x_wconf 81' lang='lat' dir='ltr'>ex</span> <span class='ocrx_word' id='word_1_209' title='bbox 750 2395 905 2434; x_wconf 89' lang='lat' dir='ltr'>eodem</span> <span class='ocrx_word' id='word_1_210' title='bbox 956 2394 1073 2433; x_wconf 89' lang='lat' dir='ltr'>fonte</span> <span class='ocrx_word' id='word_1_211' title='bbox 1119 2408 1206 2446; x_wconf 92' lang='lat' dir='ltr'>quo</span> <span class='ocrx_word' id='word_1_212' title='bbox 1247 2389 1312 2433; x_wconf 68' lang='lat' dir='ltr'>UH</span> <span class='ocrx_word' id='word_1_213' title='bbox 1355 2400 1598 2432; x_wconf 87' lang='lat' dir='ltr'>manarunt.</span> 
     </span>
     <span class='ocr_line' id='line_1_30' title="bbox 103 2460 1600 2518; baseline -0.001 -13"><span class='ocrx_word' id='word_1_214' title='bbox 103 2466 213 2506; x_wconf 88' lang='lat' dir='ltr'>Utut</span> <span class='ocrx_word' id='word_1_215' title='bbox 250 2473 328 2513; x_wconf 90' lang='lat' dir='ltr'>est,</span> <span class='ocrx_word' id='word_1_216' title='bbox 369 2466 576 2518; x_wconf 89' lang='lat' dir='ltr'>quoniam</span> <span class='ocrx_word' id='word_1_217' title='bbox 617 2462 683 2506; x_wconf 72' lang='lat' dir='ltr'>Ua</span> <span class='ocrx_word' id='word_1_218' title='bbox 721 2465 942 2505; x_wconf 90' lang='lat' dir='ltr'>meliorem</span> <span class='ocrx_word' id='word_1_219' title='bbox 976 2465 1231 2505; x_wconf 88' lang='lat' dir='ltr'>memoriam</span> <span class='ocrx_word' id='word_1_220' title='bbox 1265 2478 1396 2517; x_wconf 89' lang='lat' dir='ltr'>quarn</span> <span class='ocrx_word' id='word_1_221' title='bbox 1429 2460 1600 2509; x_wconf 66' lang='lat' dir='ltr'><em>EHJDH</em></span> 
     </span>
     <span class='ocr_line' id='line_1_31' title="bbox 104 2535 1599 2590; baseline -0.002 -13"><span class='ocrx_word' id='word_1_222' title='bbox 104 2538 296 2589; x_wconf 88' lang='lat' dir='ltr'>praebet,</span> <span class='ocrx_word' id='word_1_223' title='bbox 336 2538 405 2577; x_wconf 89' lang='lat' dir='ltr'>hic</span> <span class='ocrx_word' id='word_1_224' title='bbox 445 2538 622 2590; x_wconf 89' lang='lat' dir='ltr'>impune</span> <span class='ocrx_word' id='word_1_225' title='bbox 670 2544 816 2589; x_wconf 90' lang='lat' dir='ltr'>potest</span> <span class='ocrx_word' id='word_1_226' title='bbox 864 2536 1048 2589; x_wconf 89' lang='lat' dir='ltr'>neglegi.</span> <span class='ocrx_word' id='word_1_227' title='bbox 1114 2536 1283 2575; x_wconf 88' lang='lat' dir='ltr'>Horum</span> <span class='ocrx_word' id='word_1_228' title='bbox 1331 2535 1599 2576; x_wconf 88' lang='lat' dir='ltr'>scholiorum</span> 
     </span>
     <span class='ocr_line' id='line_1_32' title="bbox 103 2604 1597 2660; baseline -0.001 -12"><span class='ocrx_word' id='word_1_229' title='bbox 103 2609 298 2649; x_wconf 88' lang='lat' dir='ltr'>recensio</span> <span class='ocrx_word' id='word_1_230' title='bbox 338 2609 555 2649; x_wconf 87' lang='lat' dir='ltr'>Vaticano</span> <span class='ocrx_word' id='word_1_231' title='bbox 593 2604 665 2648; x_wconf 69' lang='lat' dir='ltr'>RH</span> <span class='ocrx_word' id='word_1_232' title='bbox 704 2609 978 2660; x_wconf 88' lang='lat' dir='ltr'>potissimum</span> <span class='ocrx_word' id='word_1_233' title='bbox 1013 2608 1172 2655; x_wconf 84' lang='lat' dir='ltr'>nititur,</span> <span class='ocrx_word' id='word_1_234' title='bbox 1212 2608 1285 2659; x_wconf 90' lang='lat' dir='ltr'>qui</span> <span class='ocrx_word' id='word_1_235' title='bbox 1329 2621 1414 2646; x_wconf 92' lang='lat' dir='ltr'>non</span> <span class='ocrx_word' id='word_1_236' title='bbox 1454 2607 1597 2646; x_wconf 91' lang='lat' dir='ltr'>minus</span> 
     </span>
     <span class='ocr_line' id='line_1_33' title="bbox 106 2674 1598 2732; baseline -0.002 -13"><span class='ocrx_word' id='word_1_237' title='bbox 106 2690 158 2731; x_wconf 87' lang='lat'>27</span> <span class='ocrx_word' id='word_1_238' title='bbox 199 2679 364 2720; x_wconf 90' lang='lat' dir='ltr'>scholia</span> <span class='ocrx_word' id='word_1_239' title='bbox 402 2680 519 2720; x_wconf 90' lang='lat' dir='ltr'>solus</span> <span class='ocrx_word' id='word_1_240' title='bbox 558 2680 757 2732; x_wconf 74' lang='lat' dir='ltr'>praebet3</span> <span class='ocrx_word' id='word_1_241' title='bbox 803 2679 1085 2718; x_wconf 83' lang='lat' dir='ltr'>Subsidiarius</span> <span class='ocrx_word' id='word_1_242' title='bbox 1125 2679 1294 2719; x_wconf 91' lang='lat' dir='ltr'>accedit</span> <span class='ocrx_word' id='word_1_243' title='bbox 1335 2674 1412 2726; x_wconf 83' lang='lat' dir='ltr'>U“,</span> <span class='ocrx_word' id='word_1_244' title='bbox 1455 2691 1598 2730; x_wconf 91' lang='lat' dir='ltr'>neque</span> 
     </span>
     <span class='ocr_line' id='line_1_34' title="bbox 106 2745 1602 2803; baseline -0.002 -13"><span class='ocrx_word' id='word_1_245' title='bbox 106 2751 232 2803; x_wconf 88' lang='lat' dir='ltr'>plane</span> <span class='ocrx_word' id='word_1_246' title='bbox 280 2752 625 2791; x_wconf 88' lang='lat' dir='ltr'>contemnendus</span> <span class='ocrx_word' id='word_1_247' title='bbox 673 2758 739 2791; x_wconf 89' lang='lat' dir='ltr'>est</span> <span class='ocrx_word' id='word_1_248' title='bbox 786 2747 867 2799; x_wconf 68' lang='lat' dir='ltr'>CH,</span> <span class='ocrx_word' id='word_1_249' title='bbox 914 2751 987 2803; x_wconf 91' lang='lat' dir='ltr'>qui</span> <span class='ocrx_word' id='word_1_250' title='bbox 1037 2750 1216 2802; x_wconf 90' lang='lat' dir='ltr'>propius</span> <span class='ocrx_word' id='word_1_251' title='bbox 1263 2750 1317 2790; x_wconf 92' lang='lat' dir='ltr'>ab</span> <span class='ocrx_word' id='word_1_252' title='bbox 1358 2745 1428 2789; x_wconf 67' lang='lat' dir='ltr'>RH</span> <span class='ocrx_word' id='word_1_253' title='bbox 1472 2763 1602 2801; x_wconf 92' lang='lat' dir='ltr'>quam</span> 
     </span>
     <span class='ocr_line' id='line_1_35' title="bbox 105 2823 410 2862; baseline 0.003 -1"><span class='ocrx_word' id='word_1_254' title='bbox 105 2823 235 2862; x_wconf 89' lang='lat' dir='ltr'>ceteri</span> <span class='ocrx_word' id='word_1_255' title='bbox 271 2823 410 2862; x_wconf 84' lang='lat' dir='ltr'>abest.</span> 
     </span>
    </p>
   </div>
  </div>
 </body>
</html>
