1872 3194
340 165 460 190 XXXII

565 270 686 309 cuius
709 269 869 321 duplici
888 269 1054 322 uirgula
1084 268 1113 283 ‘⁶
1143 267 1184 317 ”,
1209 283 1510 323 quaecumque
1535 271 1769 311 admodum

563 340 694 379 dubia
727 340 986 380 uidebantur
1019 340 1203 393 simplici
1228 340 1393 393 uirgula
1427 340 1438 354 ⁶
1477 339 1487 353 '
1509 342 1768 395 significaui:

563 425 714 451 uersus
746 411 860 450 nulla
894 418 996 451 nota
1029 412 1231 464 apposita
1264 412 1576 453 exscribendos
1608 415 1768 453 curaui.

385 518 620 558 Lectiones
667 518 709 557 in
757 525 969 570 apparatu
1019 519 1168 558 critico
1217 518 1558 571 fragmentorum
1596 533 1770 572 semper

561 596 764 641 spectant
788 590 842 628 ad
866 596 1036 628 textum
1059 589 1340 639 scholiorum;
1365 590 1401 629 si
1424 590 1478 630 de
1501 604 1611 631 uoce
1634 591 1769 643 ipsius

563 667 711 699 textus
746 660 1048 712 Hippocratici
1083 661 1320 712 praemissa
1343 661 1496 713 agitur,
1522 662 1768 714 parenthesi

560 730 725 779 inclusi,
747 732 781 771 si
799 745 910 783 quae
927 738 992 771 est
1007 732 1124 771 uaria
1143 731 1286 779 lectio,
1307 732 1408 771 uide
1426 745 1461 771 e.
1482 745 1543 784 gr.
1560 746 1601 785 p.
1622 745 1635 772 1
1652 744 1714 781 12,
1730 744 1765 772 2.

383 848 532 900 fragm.
560 868 589 880 Σ
614 849 856 902 fragmenta
889 850 1095 890 Erotiani.

383 919 429 959 fr.
456 938 485 951 Ξ
510 920 751 972 fragmenta
785 921 964 960 aliorum
998 928 1236 962 auctorum.

380 1005 421 1043 p.
459 1002 525 1042 34,
552 1003 565 1030 Ι
605 1005 704 1043 app.
752 990 925 1046 δογμηῡῑ
966 993 1118 1044 scripsi
1157 994 1485 1046 typographicis
1518 994 1766 1042 dscausis,

560 1064 640 1102 etsi
685 1064 726 1102 in
771 1064 923 1103 codice
968 1065 1007 1103 οί
1049 1063 1152 1103 illud
1195 1078 1326 1116 supra
1365 1078 1393 1118 η
1439 1065 1649 1117 scriptum
1682 1073 1764 1113 est;

559 1133 753 1173 similiter
785 1135 917 1174 etiam
951 1134 1043 1174 aliis
1076 1134 1195 1183 locis,
1230 1135 1348 1175 uelut
1380 1150 1421 1188 p.
1459 1147 1526 1188 37,
1546 1147 1573 1187 9
1605 1150 1705 1189 app.

380 1240 644 1280 Lemmata
677 1241 800 1280 nouis
834 1242 1021 1281 numeris
1054 1243 1257 1295 pinguius
1291 1243 1509 1294 expressis
1531 1244 1564 1279 1.
1589 1242 1626 1281 2.
1651 1242 1677 1280 3
1698 1274 1704 1280 .
1728 1277 1734 1283 .
1757 1273 1765 1280 .

558 1312 742 1351 instruxi
776 1312 844 1361 (cf.
881 1311 1030 1361 stud).

377 1382 451 1421 Eis
497 1382 762 1435 fragmentis,
809 1398 922 1436 quae
968 1384 1218 1425 dubitanter
1265 1385 1408 1437 recepi
1443 1406 1494 1412 —
1529 1385 1686 1437 quibus
1720 1393 1764 1424 ut

556 1453 739 1493 lectores
773 1461 900 1494 caute
933 1462 1108 1495 utantur
1136 1456 1294 1495 diserte
1318 1463 1422 1508 peto
1445 1478 1502 1483 -—
1526 1457 1717 1496 asterisci
1742 1456 1762 1479 '³‘

557 1524 739 1576 praefixi
773 1532 883 1565 sunt.

378 1596 555 1635 Numeri
579 1596 620 1634 in
643 1597 837 1649 margine
860 1598 1075 1637 exteriore
1098 1599 1302 1650 pinguius
1321 1599 1526 1650 adscripti
1545 1595 1612 1637 29.
1630 1595 1711 1637 30.
1730 1628 1737 1635 .
1757 1627 1764 1635 .

555 1666 715 1707 Kleinii
749 1668 951 1707 editionis
984 1669 1167 1720 paginas
1190 1670 1395 1709 indicant.
1445 1669 1623 1709 Numeri
1647 1668 1764 1708 latini

557 1737 897 1790 fragmentorum
936 1740 1183 1791 parenthesi
1231 1740 1383 1780 inclusi
1431 1741 1627 1780 eiusdem
1665 1748 1764 1779 sunt

556 1809 768 1849 editionis.
810 1810 988 1850 Numeri
1022 1811 1181 1851 arabici
1215 1811 1555 1864 fragmentorum
1587 1811 1762 1849 95—98

555 1881 801 1932 parenthesi
835 1881 986 1921 inclusi
1021 1882 1241 1922 Schaeferi
1273 1890 1374 1922 sunt
1406 1883 1618 1923 editionis.

815 2149 1232 2182 CORRIGENDA.

276 2231 362 2273 Pag.
394 2234 445 2269 12.
464 2234 504 2263 17
533 2234 571 2263 iu
598 2238 678 2265 test.
707 2245 773 2275 pro
802 2236 831 2273 1,
849 2237 890 2265 13
919 2246 988 2277 acy.
1018 2237 1036 2266 1
1064 2236 1143 2277 leg(¹
1172 2237 1214 2266 13
1242 2247 1311 2277 aeq.
1342 2238 1371 2266 1.

329 2317 334 2324 .
392 2293 443 2327 18Ἷ
461 2294 501 2323 21
530 2304 597 2333 pro
625 2294 902 2335 &aesopus-(dmm
932 2294 1010 2336 lege
1039 2295 1330 2336 ἀπεσυριγγὼθη.

320 2376 333 2381 ..
389 2352 443 2388 53,
461 2353 501 2382 15
531 2351 674 2383 δύναιτο
712 2353 854 2394 scripsi,
888 2354 951 2385 sed
985 2354 1138 2385 fortasse
1167 2354 1314 2386 ὃὺναται
1341 2355 1519 2386 intactum
1547 2355 1756 2396 relinquen-

388 2410 484 2442 dum.
518 2411 562 2441 ef.
596 2411 651 2442 W.
680 2412 722 2442 A.
750 2412 936 2444 Baehrens
969 2413 1006 2443 in
1034 2414 1223 2445 uolumine
1250 2413 1398 2445 Glottae
1425 2413 1483 2445 his
1510 2414 1599 2455 ipsis
1628 2415 1757 2445 diebus

390 2469 492 2500 odito
520 2469 572 2500 IX
601 2471 667 2501 1Ῑο
693 2481 743 2511 sq.
