1872 3194
741 256 1002 284 FRAGMENTA
1552 250 1616 284 107

717 364 782 402 27.
817 365 1033 415 (LXXV.)

186 459 248 499 VI
301 471 334 507 1,
364 470 415 508 14
459 459 517 508 (V
561 470 702 512 2747
750 459 819 511 L.)
853 459 1154 514 πεμφιγώδεες]
1188 459 1547 514 πεμφιγώδεες·
1583 459 1619 499 οἱ

130 532 236 585 μετὰ
269 529 616 584 φλυκταινώσεως
648 530 863 585 γινόμενοι.
925 530 1117 585 λέγονται
1150 530 1195 571 δὲ
1227 533 1355 579 οὕτως
1389 530 1432 571 αἱ
1464 531 1506 571 ἐν
1538 537 1620 579 τοῖς

130 602 260 651 ὑετοῖς
312 602 637 656 ἐπανιστάμεναι
689 602 966 657 πομφόλυγες,
1020 601 1074 651 ὡς
1126 603 1201 642 καί
1247 600 1531 656 Νίκανδρος
1577 603 1618 643 ἐν

87 683 105 710 5
127 670 355 727 Θηριακοῖς
387 683 501 726 φησι·

414 756 665 810 φλύκταιναι
696 756 888 812 πέμφιξιν
923 756 1152 811 ἐειδόμεναι
1183 756 1327 797 ὑετοῖο.
1391 752 1469 796 Ru

702 887 769 925 28.
805 888 1041 937 (LXXVI.)

184 983 246 1022 VI
287 994 365 1030 2‚1
405 983 464 1032 (V
498 983 643 1035 276,4
682 983 751 1031 L.)
792 983 1088 1037 στενυγρῶσαι]
1123 988 1478 1037 στενυγρῶσαι’
1515 983 1616 1023 ἀπο-

125 1059 357 1108 στεγνῶσαι
389 1056 463 1094 καί
493 1060 714 1095 πυκνῶσαι
745 1056 813 1095 τὸν
845 1054 984 1102 τόπον,
1008 1055 1051 1095 ἐν
1075 1054 1106 1108 ᾧ
1129 1054 1156 1108 ἡ
1181 1054 1361 1109 ὑγρασία
1384 1055 1504 1095 ἐστίν.
1541 1051 1616 1094 Ru

61 1194 105 1221 ιο
697 1184 765 1222 29.
800 1185 1056 1234 (LXXVII.)

182 1280 244 1319 VI
280 1291 317 1331 3,
338 1280 365 1320 6
397 1281 456 1329 (V
491 1281 625 1331 296‚1
666 1280 736 1329 L.)
768 1282 1016 1335 γογγρῶναι]
1050 1285 1353 1334 γογγρῶναι·
1388 1279 1426 1320 οἱ
1459 1281 1530 1334 μὲν
1563 1281 1615 1320 τὰ

124 1351 166 1392 ἐν
200 1356 257 1406 τῷ
290 1350 490 1406 τραχήλῳ
524 1351 719 1407 γινόμενα
748 1350 988 1406 παραμήκη
1014 1350 1250 1406 ἐπάρματα,
1275 1351 1312 1392 οἱ
1335 1351 1380 1392 δὲ
1401 1353 1476 1400 τὰς
1498 1350 1614 1406 βρογ-

123 1421 330 1478 χοκηλας,
380 1422 499 1464 ἄλλοι
547 1423 592 1463 δὲ
639 1424 713 1472 τὰς
751 1425 1022 1478 γαγγραίνας.
1117 1423 1137 1463 ὁ
1171 1423 1217 1464 δὲ
1248 1422 1509 1477 Εὐφορίων
1541 1424 1616 1472 τὰς

133 1493 337 1548 χοιράδας
384 1494 513 1535 οἴεται
558 1494 801 1535 καλεῖσθαι.
896 1495 1057 1548 εἴρηται
1103 1494 1197 1549 γάρ,
1232 1494 1348 1548 φησί,
1383 1495 1500 1548 παρὰ
1547 1497 1614 1535 τὸν

56 1575 101 1602 15
121 1564 311 1619 γόγγρον,
362 1566 405 1614 ὃς
444 1567 551 1607 ἐστιν
586 1566 708 1621 ἰχθὺς
740 1566 963 1620 περιφερὴς
995 1568 1070 1606 καὶ
1103 1565 1326 1621 ἐπιμήκης.
1391 1563 1614 1620 Θεόφρα-

121 1651 232 1685 στος
277 1637 322 1678 δὲ
367 1638 408 1678 ἐν
453 1643 534 1686 τοῖς
578 1636 773 1686 Φυτικοῖς
811 1637 1010 1692 γόγγρους
1044 1639 1170 1692 φησὶν
1204 1638 1308 1679 εἶναι
1339 1639 1413 1686 τὰς
1446 1637 1614 1688 όζὼδεις

120 1708 313 1761 ἐκφύσεις
360 1714 434 1763 τῆς
478 1709 634 1758 ἐλαίας.
729 1710 815 1750 ἔστι
848 1709 892 1750 δὲ
928 1709 1049 1764 ἰχθὺς
1082 1708 1322 1758 θαλάττιος,
1357 1709 1412 1758 ὡς
1444 1708 1612 1763 εἴρηκα-

122 1793 207 1834 μεν,
241 1780 262 1820 ὁ
294 1779 480 1834 γόγγρος.
547 1777 622 1820 Ru

691 1948 1038 2023 APHORISMI.

53 2111 101 2137 20
740 2102 810 2140 30.
845 2103 994 2152 (LXI.)

182 2207 219 2247 3,
243 2206 293 2248 25
331 2197 410 2246 (IV
442 2198 543 2248 496,
570 2207 615 2249 15
645 2198 714 2246 L.)
758 2197 1005 2253 ὀδαξησμοί]
1051 2197 1335 2253 ὀδαξησμοὶ
1366 2198 1393 2252 ἢ
1432 2197 1614 2252 ἀδαξησ-

122 2270 205 2322 μοι’·
238 2269 280 2308 ἐν
303 2282 382 2309 τισι
402 2270 483 2323 γὰρ
505 2275 586 2310 τῶν
611 2270 874 2324 ἀντιγράφων
898 2272 1027 2319 οὕτως
1049 2272 1231 2325 εὕρομεν.
1286 2270 1364 2310 εἰσὶ
1385 2271 1465 2324 γὰρ
1487 2283 1615 2324 κνησ-

125 2340 192 2394 μοὶ
226 2337 319 2395 μετ’
351 2340 588 2395 ἐρεθισμοῡ,
623 2340 677 2390 ὡς
709 2343 785 2382 καὶ
816 2340 1106 2396 Μένανδρος
1139 2342 1181 2382 ἐν
1213 2340 1383 2395 Πλοκίῳ
1417 2344 1538 2395 φησί·

309 2422 457 2479 ῒτομῇ
492 2426 566 2474 τὰς
598 2427 742 2480 τρίχας
777 2426 901 2480 αἴρων
934 2428 1009 2466 καὶ
1040 2428 1109 2466 τὸν
1142 2425 1269 2479 ῥύπον
1302 2425 1438 2474 διδοὺς

53 2505 100 2531 25
308 2502 413 2537 πιεῖν
448 2495 702 2550 ἀνηδαξᾶτο,
738 2498 844 2537 ὥστε
878 2497 932 2552 μὴ
967 2503 1086 2538 πιεῖν.
1151 2493 1310 2537 R'‘U¹‘

218 2614 236 2643 5
266 2612 475 2654 Θηριακοῖς]
503 2614 574 2644 273
672 2619 725 2648 28.
752 2614 777 2645 Σ
808 2619 848 2648 12
950 2614 990 2644 13
1018 2613 1218 2654 Εὐφορίων]
1246 2615 1290 2653 fr.
1311 2615 1357 2644 52
1382 2614 1618 2645 S'clwiclweilor

218 2673 260 2703 16
288 2673 468 2713 Φυτικοῖς]
496 2673 512 2704 Ι
539 2674 570 2710 8,
588 2675 608 2704 6
730 2674 772 2704 23
800 2674 959 2715 Πλοκίῳ]
987 2675 1031 2713 fr.
1051 2674 1121 2704 409
1146 2674 1188 2704 K.

219 2768 237 2798 2
264 2769 538 2810 πεμφιγγώδεες
564 2767 627 2800 ΕΠ
748 2770 769 2800 4
795 2769 1054 2810 πομφόλυγγες
1080 2766 1142 2799 ΗΠ
1265 2770 1283 2799 6
1312 2767 1428 2807 ὑετοῖς
1455 2767 1516 2799 RH

124 2828 143 2857 S
171 2827 420 2859 ἀποστενῶσαι
446 2826 509 2859 RH
607 2829 649 2859 ‘23
676 2828 812 2869 πλοκίᾳ
837 2826 960 2859 RHUH
976 2839 982 2859 ι
999 2839 1084 2858 corr.
1104 2829 1313 2870 Darembery
1339 2829 1411 2858 205
1509 2829 1552 2858 24
1570 2840 1616 2867 sq.

122 2887 260 2925 frustra
286 2889 452 2927 temptata
478 2898 499 2918 a
525 2888 613 2918 ‘uiris
640 2888 746 2918 doctis
774 2888 852 2918 uide
878 2888 973 2927 apud
998 2888 1091 2918 Kock
1233 2888 1275 2918 25
1306 2887 1507 2925 ἀνεδάξατο
1533 2885 1617 2918 RH:

125 2945 316 2984 ἀνεδέξατο
345 2945 402 2978 UH
418 2958 424 2978 :
441 2957 526 2978 corr.
546 2949 755 2989 Darembery
