1872 3194
1533 159 1571 185 lx

235 266 483 305 Proximum
532 266 661 318 igitur
705 272 782 312 est,
830 272 876 304 ut
920 265 973 303 de
1020 264 1119 304 CK
1164 265 1351 303 breuiter
1398 277 1630 315 exponam.

147 337 295 390 Atque
342 351 416 376 eos
450 336 659 389 gemellos
691 350 786 375 esse
821 335 947 388 plane
981 342 1046 375 est
1080 335 1368 381 manifestum,
1405 342 1633 386 utrumque

147 422 170 448 6
212 409 363 448 codice
412 408 652 460 deperdito,
696 421 825 459 quem
859 407 885 446 k
925 406 1111 458 appello,
1146 406 1425 458 descriptum.
1491 406 1631 457 Quem

145 480 342 519 codicem
390 479 676 531 deperditum,
727 491 991 530 quamquam
1036 491 1114 529 pro
1160 484 1279 516 certo
1325 478 1466 517 habeo
1500 492 1556 517 ex
1590 477 1631 516 Α

144 551 409 603 descriptum
457 564 564 597 esse,
614 557 758 589 tamen
793 549 846 588 ad
880 548 1104 600 exemplar
1136 549 1359 600 quoddam
1392 549 1630 600 archetypo

143 621 291 661 classis
325 622 548 661 deterioris
582 622 781 673 proxima
814 620 1021 660 affinitate
1055 633 1303 659 connexum
1333 634 1356 658 a
1386 627 1630 659 correctore

142 693 240 732 k⁰⁰ss
269 700 508 733 correctum
544 706 638 732 6556
671 692 858 741 ostendi;
895 705 1036 743 neque
1061 705 1084 730 a
1107 691 1366 731 coniecturis
1391 705 1468 730 nec
1493 704 1630 729 emen-

142 765 389 804 dationibus
423 764 629 803 abstinuit
662 764 729 803 hic
764 770 993 803 corrector.

230 834 719 875 VINDOBONENSIS
753 835 948 874 medicus
981 848 1042 886 gr.
1072 845 1126 885 43
1159 833 1277 882 (olim
1303 844 1340 885 7,
1367 840 1519 884 postea
1545 834 1628 884 38),
1648 843 1680 880 C

142 907 196 946 ab
228 906 424 959 Augerio
458 907 511 946 de
538 906 765 946 Busbecke
789 905 1169 957 Constantinopoli
1193 911 1483 956 comparatus,
1515 905 1631 944 char-

140 985 300 1026 taceus,
333 978 492 1018 saeculi
522 979 639 1026 XVI,
665 978 864 1017 foliorum
893 989 985 1026 144,
1011 977 1140 1016 uariis
1164 977 1363 1015 manibus
1386 977 1504 1015 uaria
1528 990 1628 1016 cura

140 1056 354 1090 exaratus.
406 1049 527 1089 Folia
561 1051 815 1101 83¹*121u
848 1049 1103 1088 Erotianum
1137 1048 1371 1088 continent.
1420 1047 1628 1087 Codicem

139 1121 193 1160 ab
225 1120 459 1160 illustribus
492 1121 787 1161 Bibliothecae
818 1120 1002 1160 Aulicae
1032 1120 1378 1159 moderatoribus
1401 1119 1627 1171 Vpsaliam

139 1193 316 1231 missum
350 1193 511 1232 contuli
545 1207 580 1232 a.
623 1204 744 1243 1913.

227 1263 773 1304 CANTABRIGIENSIS
807 1278 867 1316 gr.
905 1274 1019 1313 2049
1053 1263 1152 1311 (Kk.
1182 1263 1235 1302 V.
1265 1263 1319 1314 7),
1352 1262 1453 1302 olim
1481 1263 1680 1306 IacobiK

138 1334 342 1383 Mentelii,
389 1335 658 1382 chartaceus,
706 1335 866 1375 saeculi
911 1336 1027 1382 XVI,
1075 1334 1275 1374 foliorum
1322 1345 1388 1382 22,
1436 1335 1628 1374 continet

136 1405 274 1445 solum
322 1407 589 1454 Erofianum,
640 1407 764 1447 clare·
801 1415 843 1446 et
893 1407 1121 1458 perspicue
1166 1407 1387 1458 scriptum.
1454 1406 1625 1446 Contuli

136 1475 441 1530 Cantabrigiae
475 1492 510 1518 a.
553 1490 674 1529 1914.
710 1501 767 1504 —
800 1479 867 1517 De
901 1473 962 1517 Db
1002 1479 1101 1518 uide
1136 1478 1244 1516 infra
1278 1491 1317 1529 p.
1353 1491 1405 1517 xl.

223 1548 423 1588 Alterum
458 1551 760 1602 apographum
793 1550 956 1590 codicis
979 1550 1035 1596 A,
1065 1550 1262 1589 codicem
1286 1549 1560 1600 deperditum
1586 1563 1623 1595 v,

134 1620 175 1658 in
209 1634 335 1659 usum
368 1634 493 1660 suum
532 1622 800 1660 exarandum
839 1635 1014 1661 curasse
1052 1620 1434 1660 Bartholomaeum
1473 1620 1624 1659 Eusta-

134 1692 279 1730 chium
311 1693 414 1731 mihi
448 1694 654 1744 persuasi.
720 1693 958 1732 Exaratum
994 1693 1187 1733 medicus
1221 1692 1288 1732 ille
1322 1692 1626 1732 celeberrimus

134 1778 291 1816 magna
336 1777 435 1803 cum
477 1765 685 1804 industria
719 1772 762 1805 et
795 1779 872 1804 sua
905 1766 1040 1818 ipsius
1073 1772 1115 1805 et
1150 1766 1387 1805 amicorum
1420 1766 1620 1811 correxit,

134 1836 389 1877 lectionibus
437 1850 493 1876 ex
535 1837 725 1877 editione
772 1838 946 1878 Henrici
982 1837 1193 1889 Stephani
1227 1852 1306 1877 nec
1340 1852 1424 1877 non
1459 1840 1625 1879 coniec-

132 1909 236 1948 turis
269 1923 347 1949 suo
381 1910 520 1949 Marte
554 1910 816 1962 excogitatis
849 1910 890 1948 in
924 1910 1163 1961 marginem
1197 1910 1395 1962 adpictis.
1468 1911 1531 1950 Ita
1564 1912 1620 1950 in-

132 1981 306 2020 stitutus
354 1981 499 2021 codex
548 1981 875 2020 fundamentum
917 1981 1057 2021 factus
1101 1988 1165 2021 est
1204 1982 1414 2021 uersionis
1448 1981 1619 2030 latinae,

132 2065 261 2103 quam
284 2052 546 2091 Eustachius
570 2066 605 2091 a.
638 2052 746 2103 1566
771 2053 886 2104 typis
909 2053 1145 2099 mandauit,
1174 2053 1226 2092 cf.
1256 2052 1364 2092 infra
1396 2067 1436 2105 p.
1454 2067 1536 2094 XVII
1555 2068 1617 2106 sq.

132 2122 287 2162 Codex
318 2123 543 2163 Eustachii
576 2138 601 2162 v
636 2124 777 2175 periit;
814 2131 982 2163 textum
1007 2132 1052 2163 ut
1075 2125 1364 2163 instauremus
1387 2125 1496 2164 haec
1521 2139 1621 2177 apo-

131 2194 297 2246 grapha
330 2202 504 2246 praesto
537 2202 654 2235 sunt:
685 2195 728 2234 V
751 2195 808 2234 W
831 2195 878 2243 B,
903 2196 974 2247 qui
999 2196 1139 2239 uarias
1163 2195 1371 2235 lectiones
1396 2197 1620 2248 archetypi

131 2266 372 2305 communis
406 2267 571 2305 uarium
605 2267 646 2305 in
680 2267 857 2305 modum
891 2274 1163 2318 receperunt.

219 2336 576 2377 VATICANVS
610 2351 670 2389 gr.
713 2339 834 2389 1878,
870 2339 1137 2385 chartaceus,
1163 2338 1323 2377 saeculi
1345 2339 1463 2387 XVI,
1489 2339 1621 2379 habet
1642 2346 1676 2382 V

131 2409 240 2448 inter
284 2422 419 2460 opera
457 2409 549 2448 siue
589 2409 831 2461 fragmenta
863 2409 1127 2457 Aristotelis,
1163 2410 1486 2456 Demosthenis,
1522 2410 1622 2449 mul-

131 2487 272 2518 torum
304 2479 484 2520 aliorum
517 2480 587 2520 fol.
625 2481 904 2532 271s—316r
938 2480 1194 2533 glossarium
1230 2481 1435 2521 Erotiani.
1495 2480 1623 2521 Hunc

131 2551 340 2599 codicem,
387 2565 487 2591 cum
531 2552 699 2592 Romae
742 2566 778 2591 a.
826 2563 936 2603 1914
982 2565 1134 2600 essem,
1177 2566 1262 2592 non
1296 2553 1520 2605 cognitum
1554 2567 1621 2592 me

131 2622 333 2661 habuisse
366 2622 512 2671 doleo3
548 2624 834 2675 phototypias
857 2623 1055 2663 foliorum
1080 2623 1247 2663 illorum
1271 2624 1443 2664 officina
1466 2624 1622 2664 Biblio-

131 2693 283 2733 thecae
321 2693 575 2742 Vafflcanae,
611 2695 919 2743 intercedente,
955 2709 1038 2747 qua
1072 2702 1138 2735 est
1170 2695 1487 2744 benevolentia,
1521 2697 1619 2735 Bar·

131 2763 380 2804 tholomaeo
414 2766 602 2818 Nogara,
639 2780 674 2806 a.
715 2775 818 2816 1915
856 2767 896 2805 in
932 2781 1056 2806 usum
1090 2781 1233 2807 meum
1267 2767 1466 2808 confecit.
