1872 3194
1435 217 1501 243 XXI

160 323 205 362 In
249 322 553 374 fragmentis
595 321 879 373 disponendis
921 322 991 360 diu
1034 321 1301 374 multumque
1336 323 1558 362 liaesitaui.

71 394 218 446 Atque
263 393 573 433 obscuritatem
619 393 754 432 uitare
799 393 980 444 cupiens
1026 406 1188 440 uereor,
1224 406 1276 432 ne
1310 394 1350 432 in
1385 394 1559 433 nimiam

72 464 381 504 abundantiam
420 464 655 503 inciderim.
722 464 756 503 E
790 477 833 503 re
867 464 979 503 enim
1014 478 1108 503 esse
1142 465 1246 503 duxi
1281 464 1444 504 scholia
1477 462 1561 512 R'‘,

71 535 234 575 scholia
276 532 380 583 Bffl',
427 534 591 575 scholia
643 531 710 575 V‘'
755 535 988 587 separatim
1033 549 1082 575 ac
1128 535 1254 587 plene
1304 536 1563 576 excudenda

71 620 234 655 curare,
277 607 443 646 etiamsi
485 606 574 646 fieri
624 620 708 645 non
758 613 941 658 poterat,
976 607 1077 658 quin
1111 607 1171 646 sic
1206 606 1410 646 nonnulla
1442 607 1562 647 itera-

73 685 229 718 rentur.
295 677 505 718 Ordinem
548 685 691 717 autem
733 677 995 717 scholiorum
1037 674 1120 725 RH,
1158 678 1230 730 qui
1265 678 1305 717 in
1339 679 1563 718 codicibus

71 757 149 797 est,
185 763 269 789 non
304 750 470 797 retinui,
503 749 707 801 quoniam
730 749 823 788 libri
848 749 1149 801 Hippocratici
1173 750 1214 788 in
1238 749 1318 789 illis
1341 750 1563 790 codicibus

73 822 141 860 uia
172 834 221 861 ac
252 821 417 860 ratione
441 834 526 860 non
551 821 748 873 dispositi
773 827 890 867 sunt;
917 834 992 859 eos
1015 821 1056 859 in
1080 821 1269 860 editione
1293 835 1388 861 mea
1412 821 1564 860 horum

73 892 336 932 scholiorum
376 893 430 931 ad
469 892 664 931 ordinem
700 892 935 944 genuinum
968 892 1161 931 Erotiani
1194 892 1389 944 digerere
1423 894 1565 944 aptius

72 964 224 1004 uisum.
281 963 400 1016 Sigla
430 964 645 1011 codicum,
677 977 732 1003 ex
755 964 912 1015 quibus
936 963 1167 1016 desumpta
1191 970 1288 1003 sunt
1311 963 1419 1003 haec
1443 965 1563 1004 scho-

71 1034 138 1082 lia,
172 1035 214 1074 in
237 1034 320 1074 fine
344 1041 491 1074 textus
514 1034 781 1086 singulorum
805 1034 1067 1074 scholiorum
1092 1035 1242 1074 adieci.
1289 1034 1564 1075 Scholiorum

72 1102 165 1145 Bm
209 1113 251 1145 et
295 1105 557 1146 scholiorum
610 1102 677 1146 Vn
723 1106 918 1145 ordinem
964 1106 1169 1145 traditum
1215 1105 1317 1145 nihil
1359 1113 1451 1145 erat
1492 1120 1566 1146 cur

73 1184 282 1217 mutarem
329 1190 470 1230 neque
512 1191 622 1229 opus
664 1184 754 1216 erat
795 1176 904 1229 sigla
947 1177 1127 1230 singulis
1165 1177 1340 1217 scholiis
1381 1177 1563 1224 adicere,

74 1256 226 1301 utpote
258 1263 370 1301 quae
404 1263 482 1288 suo
516 1262 715 1301 quaeque
749 1249 900 1288 codice
934 1249 1136 1288 nitantur.

161 1391 337 1444 Agmen
388 1391 549 1432 claudit
594 1392 878 1445 Gregorius
921 1392 1235 1432 Corinthius.
1301 1392 1449 1444 Atque
1490 1405 1565 1430 eae

73 1464 269 1516 Gregorii
303 1463 488 1516 glossae,
523 1478 634 1516 quae
669 1478 692 1504 e
725 1464 881 1517 glossis
911 1465 1052 1504 adhuc
1087 1465 1127 1503 in
1160 1463 1372 1517 glossario
1405 1461 1466 1501 32
1499 1463 1565 1503 uel

72 1536 181 1574 inter
225 1535 390 1575 scholia
424 1535 739 1588 Hippocratica
778 1536 960 1576 seruatis
993 1535 1219 1583 fluxerunt,
1253 1549 1330 1574 suo
1366 1549 1565 1587 quaeque

73 1606 168 1646 loco
207 1607 248 1646 in
288 1607 546 1647 testimoniis
588 1608 835 1647 nominatae
874 1604 1013 1647 sunt¹.
1093 1605 1313 1658 Quattuor
1355 1606 1565 1660 exscripsi

73 1677 241 1730 (fragm.
289 1678 494 1727 95—98),
541 1693 662 1731 quas,
703 1693 969 1732 quamquam
1003 1678 1076 1718 tali
1112 1678 1369 1718 auctoritate
1404 1684 1564 1724 carent,

73 1749 174 1801 quin
209 1749 466 1802 glossarium
499 1748 549 1787 ΒῙ
579 1751 839 1790 continuerit
872 1750 946 1790 uix
980 1750 1282 1789 dubitauerim.

164 1893 232 1933 De
278 1892 491 1932 nonnullis
538 1892 644 1933 locis
692 1892 889 1945 legendis
924 1893 991 1932 uel
1025 1892 1299 1945 explicandis
1332 1892 1450 1932 breui
1485 1892 1564 1930 dis>

76 1971 227 2015 putare
263 1964 303 2003 in
338 1964 481 2004 Erano
516 1972 662 2004 nostro
697 1965 858 2017 cogito.

164 2108 323 2147 Munus
356 2107 548 2147 Erotiani
583 2108 835 2148 recensendi
869 2108 1026 2148 abhinc
1051 2107 1394 2160 quinquennium
1418 2106 1520 2145 mihi
1544 2120 1567 2145 a

75 2179 364 2232 gubernatore
410 2178 615 2231 Corporis
657 2179 928 2219 Medicorum
961 2179 1228 2219 Graecorum
1261 2177 1453 2217 delatum
1487 2183 1565 2217 est.

75 2251 297 2303 Vergente
345 2251 565 2303 superiore
612 2265 724 2291 anno
771 2251 873 2290 dum
918 2265 1030 2303 opus
1073 2251 1325 2290 mandatum
1372 2248 1566 2297 absoluo,

75 2322 268 2374 comperi
321 2321 538 2362 librarium
591 2322 947 2362 honestissimum
995 2322 1271 2374 Lipsiensem
1323 2327 1568 2372 temporum

76 2394 300 2446 iniquitate
323 2400 526 2434 coactum
549 2393 769 2433 uolumina
792 2400 942 2446 parata
966 2392 1085 2445 prelo
1108 2393 1365 2432 submittere
1384 2391 1565 2431 differre.

77 2464 163 2516 Qui
202 2465 303 2504 mihi
337 2465 512 2504 nuntius
545 2465 601 2504 ob
635 2479 801 2513 causas,
836 2478 945 2517 quas
978 2465 1060 2504 hoc
1094 2464 1191 2504 loco
1225 2476 1567 2503 commemorare

77 2536 356 2588 supersedeo,
418 2550 629 2589 perquam
686 2537 880 2589 ingratus
933 2542 1036 2575 erat.
1117 2535 1370 2574 Hermanno
1423 2541 1569 2574 autem

76 2607 267 2655 DIELS,
301 2621 388 2660 qua
420 2622 592 2660 semper
625 2608 702 2647 fuit
735 2621 836 2660 erga
870 2621 938 2646 me
972 2607 1253 2654 humanitate,
1283 2606 1567 2653 concedente,

78 2679 374 2718 intercedente
413 2679 602 2719 Vilelmo
646 2678 1038 2725 LVNDSTROM,
1085 2678 1328 2717 studiorum
1374 2690 1569 2717 meorum

174 2829 185 2847 ¹
213 2830 239 2861 Ε
268 2835 321 2865 17.
352 2836 404 2865 18.
433 2836 486 2865 37.
516 2836 569 2866 38.
597 2837 652 2866 45.
678 2836 732 2866 58.
754 2837 809 2866 69.
832 2836 884 2865 74.
905 2836 959 2866 78.
1007 2831 1037 2862 Η
1067 2835 1119 2864 12.
1163 2829 1189 2860 Θ
1209 2835 1239 2863 3.
1262 2834 1292 2864 4.
1313 2834 1344 2864 6.
1388 2829 1419 2860 Μ
1440 2833 1494 2863 24.
1515 2833 1568 2863 27.

78 2890 104 2919 ()
131 2894 185 2923 42.
237 2889 267 2920 Π
295 2894 349 2924 51.
379 2894 433 2925 54.
461 2896 514 2925 59.
566 2891 590 2921 Σ
619 2896 649 2925 2.
677 2895 708 2924 4.
737 2896 768 2926 5.
799 2896 850 2925 10.
897 2896 1033 2935 Fragm.
1064 2895 1116 2924 16.
1145 2894 1199 2923 34.
1228 2894 1282 2923 43.
