1872 3194
1444 205 1524 232 xvii

94 314 394 367 primigeniam
427 313 599 364 copiam
632 311 828 363 glossarii
862 310 1055 350 Erotiani
1090 311 1416 350 restaurandam
1454 324 1583 363 quam

93 386 147 425 ad
188 385 378 425 studium
425 383 737 429 illustrandum,
778 396 865 434 quo
906 381 1221 433 Hippocratem
1257 389 1299 421 et
1331 382 1583 421 Erotianum

94 457 238 496 medio
272 470 382 495 aeuo
417 454 606 506 amplexi
641 460 753 493 sunt.
804 453 925 493 Idem
959 452 1076 492 cadit
1109 453 1149 491 in
1196 449 1276 499 V‘l,
1312 453 1433 492 cuius
1466 462 1584 504 quat-

93 535 190 567 tuor
221 526 386 567 scholia
420 539 474 565 ex
508 526 715 565 Erotiano
750 524 886 576 petita
919 524 1063 563 omnia
1097 524 1137 562 in
1171 521 1231 561 Β2
1265 524 1420 562 insunt.

384 716 420 755 3.
487 704 567 743 DE
601 702 915 744 GREGORIO
951 701 1298 743 CORINTHIO.

181 812 318 865 Pergo
352 812 406 851 ad
439 811 699 863 Gregorium
732 810 1014 851 Corinthium.
1081 809 1167 861 Qui
1200 809 1241 848 in
1277 810 1432 861 operis,
1468 810 1585 862 quod

91 882 192 937 Περὶ
231 889 312 923 τῶν
357 883 589 937 ἰδιωμάτων
630 887 710 922 τῶν
750 881 980 922 διαλέκτων
1014 881 1270 927 inscribitur,
1306 887 1427 933 parte
1461 881 1586 920 tertia

91 953 192 1008 Περὶ
212 960 286 1008 τῆς
311 952 445 1002 Ἰάδος
469 953 689 993 διαλέκτου
712 952 861 992 ultimo
885 951 982 992 loco
1005 951 1048 1002 ἕξ
1078 952 1300 1003 163—191
1331 952 1585 991 Erotianum

92 1026 322 1078 excerpsit.
388 1024 513 1077 Quae
560 1024 820 1077 paragraphi
869 1024 1019 1063 ordine
1069 1023 1261 1075 quodam
1309 1022 1585 1075 alphabetico

91 1097 330 1149 dispositae
354 1104 465 1136 sunt.
513 1095 710 1148 Quarum
734 1106 787 1135 22
811 1095 853 1134 in
877 1094 1088 1147 glossario
1111 1101 1285 1134 seruato
1308 1092 1369 1132 32
1398 1100 1584 1139 exstant,

93 1180 114 1220 3
160 1168 412 1221 fragmentis
458 1167 735 1219 respondent,
782 1180 895 1219 quae
940 1167 1129 1218 genuina
1171 1179 1267 1205 esse
1307 1164 1482 1205 scholiis
1515 1162 1585 1204 R“

92 1240 311 1292 probatur,
345 1251 374 1288 4
406 1253 546 1292 neque
580 1239 663 1278 hoc
697 1251 838 1291 neque
860 1237 932 1277 illo
955 1237 1051 1277 loco
1076 1237 1358 1290 reperiuntur,
1383 1236 1460 1275 sed
1483 1237 1585 1288 quin

91 1325 147 1351 ex
192 1311 403 1364 glossario
447 1310 643 1350 Erotiani
688 1309 901 1357 fluxerint,
948 1308 1050 1348 nihil
1096 1315 1162 1348 est
1204 1308 1335 1348 dubii.
1400 1308 1480 1347 Est
1518 1307 1586 1346 illa

92 1383 268 1435 quidem
314 1383 508 1434 epitoma
553 1383 784 1434 pertenuis,
832 1381 911 1421 sed
951 1381 991 1420 in
1032 1387 1183 1433 aperto
1225 1387 1291 1419 est
1329 1378 1586 1432 glossarium

91 1454 298 1501 Erotiani,
345 1467 432 1506 quo
477 1467 581 1493 usus
625 1460 692 1492 est
736 1453 985 1505 Gregorius,
1035 1453 1120 1491 iam
1167 1451 1220 1491 ad
1263 1450 1585 1503 alphabeticum

92 1525 286 1565 ordinem
331 1525 642 1578 transpositum
687 1524 832 1571 fuisse,
879 1523 1002 1576 plura
1046 1531 1191 1563 tamen
1225 1535 1421 1562 seruasse
1456 1536 1584 1574 quam

91 1595 348 1649 glossarium
383 1596 508 1635 nobis
540 1596 746 1635 traditum
779 1593 852 1634 82.
912 1595 1149 1648 Gregorius
1181 1595 1312 1647 igitur
1344 1593 1585 1646 glossarum

92 1667 283 1720 pleniore
325 1681 455 1720 quam
498 1681 610 1720 quae
650 1667 704 1707 ad
737 1681 817 1707 nos
851 1667 1047 1719 peruenit
1081 1665 1338 1706 collectione
1372 1679 1473 1704 usus
1508 1675 1583 1704 est.

93 1738 219 1791 Quae
253 1740 445 1792 epitoma
478 1737 529 1777 ΒΙ
557 1739 625 1779 hic
661 1738 880 1792 appellata
914 1745 989 1778 est.

527 1930 566 1967 4.
632 1918 714 1957 DE
748 1916 1146 1958 EDITIONIBVS.

180 2025 248 2064 De
272 2025 534 2065 editionibus
556 2026 779 2078 impressis
801 2039 887 2065 non
911 2039 1021 2077 opus
1039 2032 1105 2064 est
1123 2024 1258 2064 multa
1277 2023 1471 2076 praefari.
1516 2022 1586 2062 Ac

93 2097 254 2149 primus
287 2097 463 2148 quidem
496 2097 733 2149 sospitator
765 2097 959 2137 Erotiani
984 2097 1200 2136 Henricus
1226 2094 1586 2136 STEPHANVS

92 2168 182 2216 fuit,
227 2168 300 2220 qui
339 2168 381 2207 in
420 2168 690 2208 Dictionario
734 2169 906 2208 medico
946 2182 981 2208 a.
1031 2168 1141 2219 1564
1186 2168 1346 2207 emisso
1391 2166 1586 2206 Erotiani

92 2239 349 2293 glossarium
383 2240 521 2292 primo
555 2239 652 2279 loco
685 2240 860 2292 recepit.
912 2239 1148 2279 Codicibus
1181 2239 1215 2278 F
1248 2246 1291 2278 et
1323 2237 1364 2276 D
1394 2238 1588 2277 innititur

94 2312 226 2351 editio
260 2312 474 2364 princeps.
545 2311 614 2351 Ac
647 2311 712 2350 uir
744 2310 812 2350 ille
845 2311 899 2350 de
934 2311 1183 2350 auctoribus
1214 2309 1394 2349 Graecis
1423 2309 1586 2362 optime

93 2383 282 2431 meritus,
323 2396 409 2435 qua
443 2389 533 2422 erat
565 2381 754 2421 sollertia
787 2395 837 2422 ac
870 2382 1080 2429 doctrina,
1116 2388 1190 2421 aut
1223 2381 1264 2420 in
1299 2387 1422 2420 textu
1455 2381 1585 2421 tacite

93 2460 166 2493 aut
198 2454 239 2493 in
274 2454 627 2493 annotationibus
661 2453 801 2493 textui
834 2453 992 2492 additis
1025 2453 1130 2492 satis
1164 2451 1299 2491 multa
1321 2452 1479 2491 menda
1502 2451 1586 2491 feli-

92 2525 199 2564 citer
239 2525 439 2565 correxit.
504 2525 612 2564 Fere
652 2524 815 2564 eisdem
857 2524 991 2571 annis,
1026 2524 1184 2576 quibus
1219 2523 1470 2575 Stephanus
1502 2523 1586 2562 edi-

92 2596 253 2636 tionem
309 2596 503 2648 parabat‚
560 2596 668 2636 alius
715 2596 779 2635 uir
826 2596 995 2644 doctus,
1045 2595 1086 2634 in
1132 2595 1311 2634 historia
1362 2601 1586 2634 anatomes

91 2667 394 2715 memorabilis,
441 2668 669 2708 consilium
714 2674 891 2719 ceperat
935 2666 1130 2706 Erotiani
1165 2666 1375 2714 uertendi,
1409 2666 1586 2705 Bartho-

92 2738 286 2778 lomaeus
318 2738 706 2779 EVSTACHIVS
740 2738 1140 2779 Sanctoseuerinas.
1191 2737 1401 2778 Codicem
1432 2737 1476 2777 A
1509 2751 1586 2790 pro

92 2810 374 2850 fundamento
419 2810 578 2850 laboris
622 2810 786 2858 habuit,
834 2809 1151 2849 Dictionarium
1190 2809 1407 2849 medicum
1441 2809 1586 2848 statim

93 2882 256 2921 editum
305 2881 527 2934 expilauit,
562 2881 615 2922 cf.
650 2895 782 2933 supra
816 2895 855 2933 p.
892 2894 945 2921 ιχ.
1003 2880 1071 2920 Ex
1105 2894 1192 2932 quo
1225 2879 1476 2933 intelligitur
1508 2893 1587 2918 nos
