1872 3194
717 225 977 254 FRAGMENTA
1525 222 1592 255 109

100 333 338 382 πλειστάκις
383 334 428 374 δὲ
474 335 548 383 τὰς
595 335 797 388 περιττάς,
839 334 980 389 δεήσει
1013 336 1079 376 ἐπὶ
1111 350 1191 375 των
1225 335 1470 390 καμνόντων
1504 338 1594 390 περὶ

99 410 246 446 πασῶν
287 405 454 460 ἡμερῶν
499 405 772 446 σκέπτεσθαι.
866 407 965 460 πρὸς
1011 407 1167 455 τούτοις
1213 409 1252 446 τί
1292 406 1449 461 δήποτε
1482 407 1591 448 πλει-

99 476 245 525 στάκις
292 478 383 531 περὶ
431 479 630 532 κρισίμων
678 476 870 531 λαλήσας
916 478 971 526 εἰς
1021 479 1094 518 ἕνα
1144 477 1266 532 μόνον
1313 478 1437 519 τόπον
1476 480 1593 520 θεῖον

100 546 292 601 ὠνόμασε
330 548 405 602 την
439 548 626 603 κρίσιμον
658 547 841 603 ήμέραν;
907 551 981 589 καὶ
1020 549 1057 589 οἱ
1095 549 1171 603 τὴν
1212 549 1438 603 ἐπιληψίαν
1472 550 1588 591 ’θεῖον

62 629 78 655 5
99 617 276 673 οἰόμενοι
310 619 508 673 εἰρῆσθαι
541 621 617 659 οὐκ
642 619 883 673 ἀνέγνωσαν
907 622 974 661 τὸν
1000 620 1143 674 ἄνδρα.
1211 620 1346 674 ῥητῶς
1367 623 1448 676 γὰρ
1473 622 1594 670 αὐτὸς

99 689 256 730 ἐνθάδε
297 689 499 744 μέμφεται
533 691 625 739 τοὺς
657 690 921 745 θεόπεμπτον
957 691 1238 746 ὀνομάζοντας
1276 694 1320 732 το
1361 692 1503 741 πάθος
1536 690 1594 732 δι’

99 761 155 801 ῶν
203 774 341 814 φησιν·
399 760 531 802 (οὐδέν
571 763 608 801 τί
646 776 712 816 μοι
750 767 830 803 τῶν
865 762 1004 803 ἄλλων
1038 763 1194 803 νούσων
1229 763 1366 803 δοκέει
1397 763 1590 817 θειοτέρη

98 833 202 873 εἶναι
234 830 328 872 οὐδ’
363 832 569 887 ἱερωτέρη,
614 832 723 873 ἀλλὰ
763 833 882 886 φύσιν
916 835 1003 888 ἔχει
1034 834 1087 888 ἣν
1120 836 1195 874 καὶ
1226 836 1278 874 τὰ
1311 835 1436 875 λοιπὰ
1469 834 1591 888 νοσή-

99 901 244 958 ματα’.
339 904 379 944 οἵ
422 918 466 944 τε
514 904 590 957 τὴν
631 904 953 958 δεισιδαιμονίαν
989 905 1165 959 οἰόμενοι
1198 906 1397 960 εἰρῆσθαι
1429 905 1593 960 σφόδρα

32 975 196 1015 ιοείσίν
245 974 425 1029 εὐήθεις.
521 976 568 1015 οὐ
617 977 697 1029 γὰρ
745 975 888 1030 ἔμελεν
934 975 1254 1030 Ἱπποκράτει
1286 979 1377 1031 περὶ
1409 977 1592 1031 προγνώ-

98 1060 202 1095 σεως
249 1047 449 1101 γράφοντι
496 1046 740 1101 μεμνῆσθαι
786 1052 867 1087 τῶν
917 1046 984 1087 δια
1032 1049 1105 1095 τὰς
1153 1049 1306 1101 τροφὰς
1345 1048 1588 1097 νοσούντων,

98 1115 198 1158 ἀλλ’
230 1117 325 1158 οὐδὲ
358 1117 434 1172 τὴν
469 1119 619 1172 μανίαν
660 1117 756 1158 οὐδὲ
794 1120 837 1158 τὸ
878 1118 1221 1159 ἐνθουσιαστικὸν
1253 1118 1405 1168 πάθος.
1500 1121 1593 1168 τοὺς

97 1188 141 1229 δὲ
188 1189 385 1244 λέγοντας
431 1191 501 1230 τόν
549 1190 684 1243 ἔρωτα
722 1189 838 1230 θεῖον
888 1189 1088 1243 εἰρῆσθαι
1130 1189 1321 1238 πιθανῶς
1353 1189 1486 1244 λέγειν
1519 1192 1593 1231 καὶ

96 1259 277 1315 εὐλόγως
309 1261 377 1302 τὸν
418 1259 759 1314 Ἱπποκράτην
792 1267 1048 1315 παρεγγυᾶν,
1073 1261 1140 1301 ἵνα
1169 1267 1491 1316 παρατηρῶμεν,
1532 1261 1587 1316 μὴ

33 1343 77 1369 15
99 1333 181 1386 ἄρα
229 1333 280 1372 τὰ
328 1331 600 1387 παρεπόμενα
648 1330 939 1386 συμπτώματα
979 1330 1037 1372 δι’
1070 1331 1274 1386 ἐρωτικήν
1306 1346 1397 1373 τινα
1429 1333 1590 1387 συμπά-

96 1403 220 1444 θειαν
252 1406 420 1458 γίνεται.
486 1400 563 1443 Ru
575 1399 728 1444 CuUn

711 1582 779 1619 34.
817 1582 990 1630 (xvn.)

161 1702 175 1730 Ι
214 1691 292 1739 (VI
328 1690 500 1741 360,14
534 1689 603 1738 L.)
637 1688 886 1744 βρυχῶνται]
921 1688 1216 1744 βρυχῶνται·
1250 1688 1352 1744 βαρὺ
1386 1690 1461 1729 καὶ
1485 1690 1588 1730 ἀσα-

93 1763 168 1815 φὲς
200 1763 275 1802 καὶ
309 1761 597 1816 ἀδιάρθρωτον
631 1760 914 1816 φθέγγωνται.
979 1757 1142 1801 R'‘U'¹

27 1964 43 1990 2
57 1963 75 1990 ο
692 1952 760 1989 35.
796 1952 988 2001 (XVIII.)

160 2072 206 2112 13
258 2060 336 2109 (VI
386 2061 554 2111 384,15
601 2059 670 2107 L.)
717 2058 948 2113 λαγανίζει]
998 2058 1272 2113 λαγανίζει·
1322 2057 1586 2113 χρωματίζει.

93 2132 277 2186 λάγανον
310 2132 390 2186 γὰρ
424 2131 530 2180 εἶδος
562 2130 834 2179 πλακοῦντος.
900 2127 1063 2171 RHUH

190 2299 207 2328 7
236 2297 353 2338 φησιν]
382 2298 432 2326 De
458 2298 573 2327 morbo
600 2306 696 2327 sacro
723 2296 743 2326 I.
764 2306 789 2326 c.
915 2297 957 2326 10
989 2293 1218 2333 Ἱπποκράτει
1245 2293 1324 2333 περὶ.
1349 2294 1586 2335 προγνώσεως

92 2358 277 2399 γράφοντι]
307 2358 347 2396 cf.
368 2358 547 2398 Proynost.
569 2357 587 2386 1
616 2356 668 2395 (H
697 2356 774 2394 112,
792 2356 814 2385 5
838 2356 953 2386 L.=I
978 2355 1065 2393 79,1
1094 2355 1182 2393 ΚΜ.)

1048 2499 1065 2508 ,-

190 2502 205 2531 1
236 2500 356 2541 δεήσει
382 2500 731 2540 Ενηιενιῖηεεδεῆσαν
760 2497 941 2530 ΕΗΟΠΠΠ
1055 2509 1061 2527 ι
1095 2497 1198 2529 οὐδέν
1226 2507 1256 2527 τι
1284 2507 1342 2537 μοι
1370 2497 1491 2528 δοκέει
1518 2499 1587 2528 τῶν

94 2561 214 2592 ἄλλων
242 2559 409 2600 θειοτέρη
440 2559 530 2591 εἶναι
557 2558 692 2591 νούσων
720 2559 827 2598 Hipp.
953 2559 971 2588 S
1001 2557 1211 2597 νουσηματα
1237 2556 1343 2596 ΗιΞΡΡ.
1364 2557 1458 2587 codd.

94 2621 136 2650 10
163 2618 315 2660 ἔμελλεν
343 2617 524 2650 RHCHUH
541 2630 547 2650 :
564 2630 648 2649 corr.
669 2618 772 2649 Klein
896 2619 937 2648 18
967 2618 1167 2658 βρυχῶνται
1194 2627 1255 2647 om.
1277 2614 1335 2647 ΠΗ
1449 2617 1489 2646 21
1520 2616 1582 2647 λα-

91 2680 228 2720 γανίζει
255 2677 466 2720 ΒΗιῆγουν
496 2676 552 2709 UH
677 2679 718 2708 22
746 2677 816 2719 γὰρ
845 2688 906 2708 om.
926 2675 988 2707 RH
