1872 3194
725 237 983 265 FRAGMENTA
1532 228 1593 261 101

106 347 169 388 λοι
216 347 261 388 δέ
300 362 402 401 φασι
442 347 497 402 μὴ
534 347 616 387 δεῖν
649 347 821 401 γράφειν
855 344 1136 399 φλεδονώδεα,
1172 343 1281 385 ἀλλὰ
1316 342 1597 398 φλεβονώδεα,

107 419 161 468 ὡς
210 420 314 460 εἶναι
360 420 411 458 τὰ
462 416 553 474 μετ’
602 417 845 473 ἀλγήματος
892 415 1115 471 οἰδήματα.
1211 415 1248 455 οἱ
1295 415 1340 455 δὲ
1386 416 1438 454 τὰ
1497 415 1598 468 μετὰ

107 497 296 545 σφυγμοῦ
330 489 452 531 οἱονεὶ
485 489 745 544 φλεβονώδη,
778 495 848 529 τοῦ
889 487 1252 542 Ἱπποκράτους
1286 485 1479 541 μηδὸλως
1511 485 1597 525 ὀνο-

109 561 317 616 μάσαντος
351 560 537 616 ἄλγημα.
623 562 730 601 ἔστιν
763 562 832 601 οὖν
865 561 916 600 τὰ
950 560 992 600 ἐν
1025 557 1187 612 κινήσει
1218 559 1293 598 καί
1324 571 1398 597 τινι
1429 561 1596 610 ταραχῇ

69 643 85 668 5
107 634 218 673 ὄντα.
284 631 439 687 φλέβας
472 633 552 686 γὰρ
585 631 623 672 οἱ
656 632 822 686 ἀρχαῖοι
855 633 929 671 καί
960 632 1033 679 τὰς
1065 630 1262 684 ἀρτηρίας
1285 627 1477 669 ἐκάλουν.
1523 622 1599 666 R“

611 845 692 884 DE
726 843 1095 884 HVMORIBVS.

743 951 782 989 8.
818 951 970 1000 (VIII.)

202 1060 215 1087 1
262 1048 321 1097 (V
361 1049 500 1100 476‚1
550 1047 619 1095 L.)
667 1046 866 1102 ἄμπωτις]
918 1048 1148 1101 ἄμπωτις·
1199 1047 1349 1098 κυρίως
1390 1045 1460 1099 μὲν
1494 1046 1600 1084 οὕτω

106 1119 271 1174 λέγεται
317 1119 344 1173 ἡ
394 1125 468 1173 τῆς
515 1118 744 1171 θαλάσσης
790 1117 1118 1172 ὑπαναχώρησις
1166 1118 1249 1157 οἷον
1299 1115 1512 1163 ἀνάπωσίς
1543 1129 1600 1163 τις

42 1193 225 1239 Ιοοῧσα,
260 1196 613 1246 καταχρηστικῶς
646 1189 691 1230 δὲ
723 1191 798 1229 καὶ
830 1190 897 1230 ἐπὶ
928 1194 1008 1229 τῶν
1040 1188 1253 1243 ἡμετέρων
1287 1187 1491 1242 σωμάτων
1524 1186 1599 1239 τὴν

107 1263 155 1303 ἐκ
202 1268 276 1316 τῆς
315 1263 557 1316 ἐπιφανείας
591 1262 646 1310 εἰς
678 1263 723 1301 τὸ
757 1260 891 1315 βάθος
923 1266 1003 1301 τῶν
1037 1265 1182 1314 χυμῶν
1215 1258 1484 1313 ὑποχώρησιν
1522 1259 1598 1312 άμ-

108 1348 234 1374 πωτιν
268 1333 496 1388 ὠνόμασεν.
562 1329 802 1373 Κ”6”Π”

757 1474 795 1513 9.
832 1474 940 1523 (ΙΧ.)

204 1583 217 1610 Ι
256 1572 315 1620 (V
347 1572 446 1623 478,
469 1582 491 1610 2
528 1571 597 1619 L.)
632 1569 979 1625 ἐκκεχυμωμένα]
1022 1567 1261 1622 Ἑπικλης
1286 1567 1357 1623 μέν
1383 1581 1509 1620 φησιν
1534 1567 1600 1607 ἐκ·

43 1654 87 1680 15
108 1642 361 1698 πεπυωμένα
396 1644 471 1682 καὶ
503 1642 812 1697 ἐκχυμωθῆναι
843 1643 887 1682 το
922 1640 1214 1694 ἐκπυωθηναι,
1241 1635 1329 1693 <οὐ>
1351 1638 1521 1692 νοήσας,
1547 1637 1602 1686 ὡς

108 1715 235 1769 οἶμαι.
316 1714 553 1769 ἐκχύμωσις
600 1715 681 1768 γὰρ
729 1715 879 1767 κυρίως
918 1712 1096 1767 λέγεται,
1146 1713 1244 1752 ὅταν
1283 1711 1303 1751 ὁ
1337 1711 1449 1751 κατὰ
1484 1709 1602 1764 μέρος

108 1787 239 1840 χυμὸς
272 1786 389 1834 ἐκτὸς
421 1792 491 1826 τοῦ
528 1785 629 1825 ἰδίου
661 1784 834 1839 γένηται
867 1783 1047 1838 ἑλύτρου.
1127 1782 1340 1837 συμβαίνει
1371 1783 1451 1835 γὰρ
1484 1788 1601 1821 τοῦτο

109 1858 186 1897 οὐκ
219 1858 285 1897 ἐπὶ
317 1862 397 1897 τῶν
432 1856 723 1911 ἀφισταμένων
754 1856 973 1911 σωμάτων,
1000 1855 1109 1896 ἀλλὰ
1133 1856 1308 1894 καὶτῶν
1331 1852 1601 1907 περι-τεθλασ-

111 1928 256 1983 μένων,
292 1929 390 1969 ὅταν
426 1928 595 1982 ἀγγείου
627 1927 786 1982 ῥήξεως
818 1926 1042 1981 γενομένης
1074 1926 1101 1980 ή
1137 1932 1206 1966 τοῦ
1238 1925 1410 1980 αἵματος
1433 1923 1603 1972 σύνοδος

44 2010 91 2036 20
112 2000 167 2048 εἰς
198 2001 250 2039 τὰ
282 2005 357 2053 τῆς
389 2001 545 2053 σαρκὸς
582 1998 831 2053 ἀραιώματα
864 1997 1064 2051 πελιώση.
1130 1992 1367 2036 R'‘C'¹U“

762 2141 828 2180 10.
864 2141 953 2190 (X.)

201 2249 222 2289 3
258 2238 317 2286 (V
340 2238 439 2287 480,
463 2249 483 2288 3
511 2237 580 2283 L.)
605 2236 828 2292 ὀργασμός]
853 2235 1114 2291 ὀργασμός·
1141 2234 1372 2290 μαλαγμὸς.
1447 2233 1599 2289 μέμνη-

110 2324 177 2350 ται
209 2315 283 2363 τῆς
315 2308 464 2359 λέξεως
498 2311 572 2349 καὶ
604 2307 868 2363 Σοφοκλῆς
901 2309 943 2349 ἐν
976 2306 1188 2361 Πανδώρᾳ
1220 2306 1366 2361 λέγων·

343 2406 417 2444 καί
448 2409 609 2458 πρῶτον
644 2406 776 2459 ἄρχου
808 2403 943 2458 πηλὸν
976 2403 1167 2458 ὀργάζειν
1199 2407 1350 2457 χεροῖν.

205 2526 235 2555 8.
256 2523 296 2561 ef.
312 2522 426 2561 Etym.
443 2522 523 2552 Gen.
539 2532 565 2552 s.
584 2533 614 2552 ιι.
636 2524 758 2561 (snpra
770 2533 807 2561 p.
829 2523 964 2559 XXIII)
1034 2521 1136 2551 schol.
1158 2518 1218 2549 ΕΠ
1234 2519 1308 2550 Gal.
1325 2519 1416 2549 XIX
1429 2519 1481 2556 77,
1501 2519 1544 2548 16
1558 2518 1600 2548 K.

206 2581 248 2611 23
275 2580 466 2622 Πανδώρα]
495 2582 539 2620 fr.
559 2582 626 2611 441
655 2582 696 2611 N.

208 2688 223 2718 1
254 2687 468 2728 φλεβονώδα.
494 2685 556 2718 RH
645 2690 727 2728 post
754 2689 813 2717 hoc
843 2689 982 2717 uerbum
1009 2687 1087 2717 add.
1108 2685 1197 2718 εἶναι
1223 2686 1319 2715 Erot.
1341 2685 1435 2715 codd.

112 2748 131 2776 S
160 2747 320 2786 ἄμπωτις
347 2758 408 2777 om.
430 2745 488 2778 Uli
600 2748 641 2778 15
663 2747 702 2778 οὐ
723 2747 800 2777 add.
822 2748 921 2777 Cobet
939 2746 1042 2776 Klein
1154 2745 1195 2775 17
1223 2743 1377 2784 ἐρυθροῦ
1398 2741 1578 2774 RHCHUH
1596 2754 1601 2774 :

112 2817 197 2836 corr,
218 2806 317 2836 Cobet
334 2806 438 2836 Klein
596 2808 639 2837 20
663 2806 822 2846 πελιώση
848 2805 944 2836 κατὰ
960 2805 1096 2846 (ambiy.
1114 2804 1299 2844 compend.)
1316 2803 1530 2843 ἀραιώματα.
1546 2800 1602 2833 ΠΗ

208 2865 249 2895 23
276 2865 448 2906 πανδάρῳ
475 2863 657 2897 RHCHUH
672 2876 678 2896 :
695 2876 780 2895 corr.
801 2866 1010 2906 Darcmbery
1036 2864 1106 2894 :203
1205 2864 1249 2893 24
1275 2863 1378 2894 πῖλον
1398 2860 1578 2893 RHCHUH
1596 2871 1602 2892 τ

113 2934 196 2954 corr.
218 2925 303 2955 Foes
332 2925 403 2955 460
