1872 3194
553 791 589 837 Ι.
657 789 989 836 SCHOLIA
1029 787 1130 835 RH.

595 945 1084 986 PROGNOSTICVM.

773 1065 808 1103 1.
845 1065 912 1112 (I.)

182 1172 238 1201 20
270 1161 324 1210 (ΙΙ
364 1171 456 1213 170,
481 1170 525 1212 15
564 1160 613 1199 L.
635 1178 665 1191 z
690 1161 707 1199 Ι
738 1171 830 1207 101,
856 1169 901 1210 15
929 1159 1044 1207 Kw.)
1068 1158 1418 1212 ἀλλοφάσσοντες]
1445 1157 1585 1199 ἀλλο-

55 1243 72 1270 5
95 1233 382 1286 φάσσοντες·
425 1231 698 1287 ἀπορούμενοι
735 1232 810 1271 καὶ
847 1229 1186 1285 τεθορυβημένοι,
1226 1230 1280 1278 ὥς
1318 1243 1421 1283 φησι
1460 1228 1586 1269 Βακ-

91 1310 241 1359 χεῖος.
336 1302 634 1357 Ξενόκριτος
679 1302 724 1343 δὲ
769 1302 790 1343 ὁ
829 1301 952 1356 Κῷος
985 1315 1088 1355 φησι
1120 1302 1235 1355 παρὰ
1267 1307 1349 1349 τοῖς
1372 1299 1490 1341 Ἴωσι
1522 1300 1585 1341 λέ-

93 1375 248 1430 γεσθαι
295 1377 339 1415 τὸ
384 1373 664 1428 ἀλλοφάσσειν
704 1375 770 1414 ἐπὶ
801 1380 872 1414 τοῦ
904 1379 979 1427 τῆς
1012 1373 1197 1421 διανοίας
1229 1371 1489 1427 παραφόρου,
1524 1386 1586 1412 πι-

91 1446 236 1495 θανῶς
271 1445 440 1500 ἱστορῶν
472 1447 588 1500 παρὰ
621 1447 665 1485 τὸ
701 1444 804 1485 ἄλλο
838 1444 1015 1499 φάσκειν
1047 1445 1122 1484 καὶ
1146 1443 1249 1484 ἄλλο
1273 1449 1447 1498 φρονεῖν.
1509 1439 1587 1483 Ru

570 1642 1039 1711 PRORRHETICVS
1087 1671 1117 1709 1.

28 1802 41 1828 1
56 1801 74 1828 ο
764 1789 802 1828 2.
838 1790 924 1839 (11.)

185 1898 206 1938 3
241 1886 300 1936 (V
337 1886 479 1937 510,6
512 1885 582 1934 L.)
626 1885 792 1926 δασεῖαι
839 1884 1043 1940 γλῶσσαι]
1093 1884 1294 1925 δασεῖαι
1337 1883 1585 1938 γλῶσσαι·

97 1957 139 1998 αἱ
170 1958 248 1998 ὑπὸ
282 1956 505 2012 ξηρότητος
537 1964 731 1998 τοσοῦτον
764 1956 1078 2011 κεκακωμέναι,
1113 1955 1168 2005 ὡς
1202 1956 1256 2011 μὴ
1289 1955 1514 2009 διαρθροῦν
1537 1956 1590 1995 τὰ

92 2028 310 2084 λεγόμενα.
401 2028 530 2077 δασὺς
561 2035 659 2083 γοῦν
692 2029 798 2083 ἦχος
830 2030 905 2068 καὶ
937 2027 1055 2081 φωνὴ
1091 2027 1241 2068 δασεῖα
1273 2026 1439 2081 λέγεται
1466 2026 1493 2080 ἡ
1518 2041 1589 2067 πε-

92 2099 321 2156 παχυμένῳ
354 2105 410 2154 τῷ
444 2101 556 2140 κατὰ
589 2099 665 2153 τὴν
698 2101 910 2154 προφορὰν
933 2098 1127 2154 γινομένη
1152 2098 1363 2153 πνεύματι.
1430 2094 1590 2138 RuUn

30 2265 43 2292 1
58 2265 74 2292 5
755 2254 795 2295 3.
830 2254 936 2303 (ΙΙΙ.)

192 2360 239 2402 17
289 2347 349 2399 (V
392 2359 487 2401 514,
514 2361 565 2390 10
618 2350 688 2397 L.)
741 2351 909 2405 ὄμματα
968 2349 1160 2404 ἐπίχνουν
1213 2348 1402 2403 ἴσχοντα]
1456 2349 1591 2403 ὄμμα

95 2422 330 2476 ἐπίχνουν
378 2421 455 2461 οὐκ
503 2422 588 2461 ἔστι
635 2419 889 2474 ὀξυκίνητον,
939 2420 994 2469 ὡς
1041 2421 1140 2460 ἔνιοί
1188 2434 1326 2473 φασιν,
1385 2418 1495 2459 ἀλλὰ
1544 2421 1589 2459 τὸ

98 2493 280 2533 ἐναντίον
314 2492 561 2546 δυσκίνητον
595 2494 670 2532 καὶ
701 2491 955 2545 κατάξηρον,
989 2490 1203 2546 εἰρημένον
1236 2491 1350 2544 παρὰ
1373 2492 1441 2531 τὸν
1464 2497 1591 2545 χνοῦν

95 2565 171 2603 καὶ
218 2562 373 2617 δηλοῦν
417 2563 493 2617 τὴν
541 2565 633 2617 περὶ
664 2563 740 2616 την
775 2562 957 2618 μήνιγγα
991 2561 1228 2616 φλεγμονὴν
1262 2563 1336 2601 καὶ
1369 2560 1589 2616 ξηρασίαν.

30 2630 258 2674 20RHUH

195 2763 339 2797 1.A5

194 2882 235 2912 12
262 2879 388 2922 ξηροτῐ
414 2880 478 2912 ΒΗ
588 2883 629 2913 17
659 2884 735 2912 ante
764 2881 971 2922 ὀξυκίνητον
999 2882 1077 2912 add.
1099 2880 1138 2912 τὸ
1164 2878 1227 2911 RH
