1872 3194
357 179 451 205 XVIII

296 298 351 323 ex
394 284 590 323 uersione
625 284 715 322 eius
755 304 811 310 -—
844 296 955 334 quae
989 283 1191 334 prouenit
1225 296 1259 322 a.
1302 283 1411 333 1566
1442 282 1639 323 Venetiis
1672 284 1788 335 apud

298 355 463 394 Lucam
497 354 738 393 Antonium
771 354 941 393 Iuntam
977 375 1046 401 —‚
1081 354 1115 392 si
1149 366 1204 392 ex
1228 353 1392 405 aliquot
1415 354 1787 394 emendationibus

296 433 339 465 et
381 425 638 465 coniecturis
683 424 945 471 discesseris,
994 424 1048 463 ad
1095 431 1230 464 artem
1269 424 1462 463 criticam
1494 425 1785 465 exercendam

295 510 447 548 parurn
479 495 643 535 lucrari.
708 495 966 534 Versionem
997 495 1200 534 Latinam
1233 495 1456 534 Eustachii
1490 495 1784 548 Hieronymus

296 566 708 607 MERCVRIALIS
741 567 783 605 in
818 566 1006 605 editione
1039 580 1117 606 sua
1147 565 1351 605 librorum
1375 566 1786 618 Hippocraticorum

295 640 348 687 (a.
376 638 501 690 1588)
524 638 712 690 repetiit;
744 644 890 676 textus
914 636 1107 677 Graecus
1132 636 1342 689 Stephani
1367 637 1544 676 editioni
1567 638 1785 678 secundae

295 710 499 749 librorum
514 709 925 761 Hippocraticorum
940 707 1289 748 FOESIANAE
1305 709 1358 756 (a.
1376 708 1502 760 1657)
1518 709 1784 760 praemissus

296 787 372 821 est.
437 781 590 832 Neque
633 779 764 831 pluris
812 779 1010 819 facienda
1057 779 1190 818 editio
1240 779 1365 818 nimis
1410 779 1588 819 licenter
1619 780 1780 820 adulte—

295 859 399 899 rata,
439 865 570 904 quam
617 851 812 890 Renatus
860 849 1171 890 CHARTIER
1223 850 1423 890 editionis
1456 864 1559 890 suae
1591 851 1785 890 informis

296 923 577 975 Hippocratis
610 929 653 961 et
686 921 839 961 Galeni
871 928 990 960 torno
1015 921 1153 973 primo
1176 922 1229 969 (a.
1257 921 1381 972 1639)
1405 922 1593 961 inseruit.
1642 921 1781 962 Multo

296 993 447 1033 melius
491 994 545 1033 de
590 993 796 1032 Erotiano
842 993 1020 1032 meritus
1052 999 1118 1031 est
1151 992 1184 1043 J.
1221 992 1271 1032 G.
1307 992 1352 1031 F.
1388 992 1601 1040 FRANZ,
1636 993 1709 1046 qui
1741 994 1783 1032 in

296 1066 483 1105 editione
502 1064 809 1117 glossariorum
827 1064 1019 1103 Erotiani
1039 1063 1193 1104 Galeni
1212 1063 1426 1103 Herodoti
1442 1064 1636 1116 (Lipsiae
1658 1065 1784 1116 1780)

295 1137 439 1176 omnia
472 1137 615 1176 studia
648 1150 671 1175 a
706 1135 918 1187 prioribus
950 1136 990 1174 in
1025 1135 1232 1175 Erotiano
1267 1136 1409 1187 posita
1441 1136 1672 1187 congessit.

383 1207 623 1260 Vulgatam
660 1207 913 1246 memoriam
951 1220 1028 1258 per
1059 1206 1235 1246 saecula
1269 1213 1479 1246 retentam
1513 1207 1692 1246 tandem
1725 1220 1782 1246 re-

295 1280 493 1331 pudiauit
524 1278 682 1330 Ioseph
714 1278 912 1318 KLEIN.
974 1278 1188 1325 Editione,
1223 1292 1354 1330 quam
1388 1278 1563 1330 Lipsiae
1596 1292 1632 1317 a.
1674 1279 1778 1329 1865

295 1350 528 1403 euulgauit,
569 1350 771 1389 subsidiis
809 1350 934 1388 nouis
966 1348 1170 1388 librorum
1211 1363 1340 1388 manu
1373 1349 1631 1401 scriptorum
1664 1363 1782 1397 usus,

296 1422 338 1461 id
360 1422 478 1474 quod
505 1422 542 1460 ei
576 1435 770 1461 summae
803 1420 920 1460 laudi
953 1421 1211 1460 uertendum
1235 1427 1313 1468 est,
1339 1420 1602 1460 recensionis
1630 1420 1783 1460 melius

295 1493 623 1532 fundamentum
657 1493 825 1531 struxit.
876 1491 986 1532 Cum
1009 1505 1112 1531 uero
1135 1499 1298 1531 certam
1321 1492 1531 1531 rationem
1555 1498 1782 1544 certasque

296 1565 414 1617 leges
444 1564 667 1604 codicibus
696 1563 988 1615 ponderandis
1017 1562 1255 1615 negligeret
1278 1576 1498 1615 quaerere,
1525 1569 1784 1615 apparatum

296 1636 511 1688 indigesta
535 1635 746 1687 farragine
769 1634 1003 1674 lectionum
1028 1634 1228 1673 futtilium
1252 1634 1395 1673 obruit
1417 1640 1460 1673 et
1482 1640 1651 1673 textum
1668 1635 1784 1674 haud

296 1708 354 1746 ita
399 1707 548 1759 paucis
591 1706 849 1746 coniecturis
891 1705 974 1745 leui
1013 1705 1218 1745 bracchio
1259 1705 1450 1752 uexauit,
1492 1705 1666 1745 arbitrio
1704 1719 1784 1745 suo

297 1778 392 1830 plus
426 1791 565 1830 aequo
589 1777 828 1829 indulgens.
880 1776 1010 1816 Adde
1034 1777 1164 1828 quod,
1190 1790 1289 1816 cum
1311 1777 1349 1816 ei
1374 1777 1511 1828 primo
1536 1777 1780 1829 contigerit,

297 1857 343 1889 ut
384 1850 618 1889 editionem
650 1849 844 1888 Erotiani
877 1848 1128 1900 fragmentis
1163 1862 1186 1887 a
1219 1847 1535 1900 Darembergio
1568 1848 1610 1887 in
1643 1847 1783 1887 lucem

297 1920 524 1973 protractis
557 1933 708 1959 ornare
742 1927 904 1971 posset,
933 1920 976 1958 id
1003 1933 1156 1958 munus
1179 1932 1331 1970 parurn
1355 1932 1562 1970 prospere
1587 1918 1781 1970 perfecit,

296 1992 394 2031 uide
427 2005 556 2043 supra
590 2005 630 2043 p.
666 2004 747 2030 xw.
800 1990 863 2030 At
886 1990 1017 2029 nihilo
1040 1990 1174 2029 setius
1197 1990 1378 2042 paginas
1402 1990 1493 2029 eius
1516 1990 1557 2028 in
1581 1989 1781 2029 editionis

296 2063 421 2102 huius
466 2062 731 2114 marginibus
775 2061 1086 2101 exscribendas
1131 2061 1248 2107 duxi,
1291 2075 1343 2100 eo
1383 2059 1562 2100 consilio
1595 2061 1782 2100 maxime

297 2141 554 2180 commotus,
601 2133 718 2185 quod
765 2132 917 2172 Studia
963 2145 1058 2171 mea
1098 2132 1152 2171 ad
1190 2129 1349 2171 Kleinii
1393 2131 1577 2184 paginas
1616 2131 1781 2171 confor-

298 2212 413 2244 mata
446 2211 556 2244 sunt.

513 2380 546 2422 5.
613 2371 693 2410 DE
726 2369 1000 2410 RATIONE
1033 2368 1217 2409 HVIVS
1251 2367 1567 2409 EDITIONIS.

386 2489 475 2528 Iam
524 2496 756 2541 postquam
805 2488 1118 2535 constituimus,
1168 2501 1280 2539 quae
1327 2487 1519 2526 subsidia
1567 2487 1691 2526 nobis
1739 2487 1781 2526 in

299 2567 501 2611 promptu
544 2560 640 2607 sint,
682 2560 736 2598 ad
774 2560 816 2598 id
856 2566 1138 2606 transeamus,
1173 2558 1291 2610 quod
1324 2558 1514 2597 maxime
1547 2558 1778 2610 quaeritur,

297 2644 384 2682 quo
424 2630 554 2669 modo
587 2630 717 2669 editio
751 2636 897 2669 nostra
931 2629 1181 2668 adornanda
1214 2629 1278 2668 sit.
1343 2627 1412 2667 Ac
1446 2628 1666 2680 superiore
1700 2628 1780 2667 dis-

300 2701 522 2751 putatione
567 2701 742 2752 quidem
786 2701 975 2739 euictum
1007 2713 1102 2739 esse
1135 2699 1390 2752 putauerirn‚
1425 2698 1683 2751 glossarium
1714 2699 1780 2738 bis

300 2770 479 2810 sormam
524 2778 714 2810 mutasse
760 2785 900 2823 neque
945 2771 985 2810 in
1029 2784 1105 2822 spe
1149 2770 1273 2809 nobis
1318 2769 1421 2817 fore,
1464 2776 1509 2808 ut
1548 2769 1780 2809 Erotianus

300 2855 504 2893 umquam
537 2842 862 2894 redintegretur,
897 2841 1067 2894 qualem
1098 2841 1290 2893 legerent
1312 2841 1383 2892 qui
1408 2840 1603 2880 eiusdem
1626 2840 1780 2879 aetatis
