1872 3194
266 263 282 295 1
289 262 333 294 06
908 268 1115 295 EROTIANI

863 376 928 413 23.
964 377 1154 425 (LXXI.)

324 472 365 511 V
400 472 454 511 86
502 472 559 520 (V
600 480 697 522 252,
724 482 770 522 13
807 471 876 517 L.)
925 469 1080 525 ἐβρυξε]
1130 470 1310 525 ἔβρυξε·
1365 471 1466 525 μετά
1513 486 1618 520 τινος
1665 470 1755 524 βίας

263 542 452 597 ἐψόφησε
500 549 581 591 τοῖς
620 543 795 583 ὀδοῦσιν.
889 542 909 582 ὁ
950 540 993 582 δ’
1032 541 1370 596 Ἱπποκράτης
1404 548 1755 598 καταχρηστικῶς

266 615 355 655 ἀντὶ
404 621 474 654 τοῦ
524 615 625 669 μετὰ
673 613 764 668 βίας
802 615 875 653 καί
908 619 1139 667 στεναγμοῦ
1174 619 1367 667 φωνῆσαι
1399 613 1551 668 τέταχε
1582 613 1659 667 τὴν
1691 613 1754 654 λέ-

263 685 335 736 ξιν.
400 682 476 725 ΚΝ
1775 697 1791 723 5

857 755 924 795 24.
960 756 1171 805 (LXXII.)

322 853 363 892 V
398 854 452 904 89
485 853 543 902 (V
578 862 674 903 254,
696 863 718 891 2
755 852 823 898 L.)
856 850 1127 905 καρδιαλγίη]
1161 850 1493 905 καρδιαλγεῖν
1523 850 1688 905 λέγεται
1709 854 1753 892 τὸ

265 926 368 980 μετὰ
401 926 569 973 ναυτίας
601 925 676 964 καί
708 923 857 976 ὀδύνης
890 922 1093 962 ἀνιᾶσθαι
1125 924 1192 962 τὸν
1227 921 1450 976 στόμαχον.
1515 919 1592 962 Ru

847 1053 912 1090 25.
949 1053 1181 1102 (LXXIII.)

325 1151 386 1190 VI
427 1160 501 1201 1,5
539 1150 597 1199 (V
632 1150 771 1200 268,7
808 1148 878 1196 L.)
917 1148 1102 1197 ἐλινύειν]
1136 1146 1389 1202 Βακχεῖος
1423 1149 1494 1202 μὲν
1528 1149 1569 1189 ἐν
1604 1146 1642 1188 α’
1675 1162 1753 1202 φη·
1776 1159 1821 1186 10

266 1224 328 1262 σίν
365 1223 517 1276 ἀργεῖν,
551 1220 787 1276 σχολάζειν,
821 1219 968 1274 λέγων,
996 1220 1056 1260 ὅτι
1086 1217 1238 1259 Ἠλεῖοι
1273 1220 1343 1274 μὲν
1377 1219 1547 1260 ἐλινύειν
1579 1221 1624 1260 τὸ
1657 1234 1753 1274 σχο-

266 1293 406 1343 λάζειν
455 1292 632 1347 λέγουσι,
681 1290 878 1346 Θύμβριοι
926 1291 971 1331 δὲ
1018 1293 1062 1331 τὸ
1113 1292 1264 1345 ἀργεῖν.
1358 1290 1379 1330 ὁ
1419 1291 1465 1331 δὲ
1503 1289 1755 1345 Ταραντῖνος

272 1364 606 1419 Ἡρακλείδης
654 1364 695 1404 ἐν
743 1368 800 1417 τῷ
841 1361 875 1417 β
912 1365 1013 1416 πρὸς
1051 1361 1306 1416 Βακχεῖον
1345 1360 1446 1416 Περὶ
1477 1367 1558 1403 τῶν
1598 1361 1753 1402 Ἱππο-

265 1437 481 1490 κράτους
528 1434 678 1485 λέξεών
727 1448 852 1488 φησιν
887 1433 1092 1488 εἰλῆφθαι
1122 1434 1167 1474 τὸ
1200 1433 1370 1474 ἐλινύειν
1406 1434 1487 1473 ἀπὸ
1518 1439 1593 1487 τῆς
1625 1432 1751 1487 εἴλης.

272 1510 376 1561 αὕτη
413 1507 458 1548 δέ
491 1508 597 1547 ἐστιν
629 1506 656 1560 ἡ
692 1505 829 1560 θέρμη
864 1512 934 1546 τοῦ
966 1505 1088 1559 ἡλίου
1120 1506 1194 1545 καί
1228 1504 1352 1558 αύγη,
1387 1504 1487 1546 ὅθεν
1519 1505 1594 1545 καὶ
1629 1504 1756 1545 ἀλέαν
1779 1516 1823 1542 15

268 1580 446 1635 λέγουσι.
525 1579 600 1619 καὶ
635 1578 842 1626 ἀλεανθὲς
874 1577 1013 1617 ἔλαιον
1045 1579 1089 1617 τὸ
1123 1577 1165 1617 ἐν
1197 1576 1303 1630 ἡλίῳ
1336 1575 1584 1617 λευκανθέν.
1668 1577 1757 1617 ἐπεὶ

267 1654 337 1693 οὖν
378 1651 415 1692 οἱ
455 1649 739 1704 ἀλεαινόμενοι
771 1651 870 1702 πρὸς
901 1648 1084 1702 ἡσυχίαν
1119 1649 1304 1701 ἄγονται,
1337 1650 1382 1688 τό
1414 1647 1645 1702 ἡσυχάζειν
1678 1646 1756 1688 ἐλι-

269 1724 375 1764 νύειν
419 1724 544 1763 εἶπον.
639 1722 729 1775 ἐμοὶ
774 1720 892 1760 δοκεῖ
925 1722 970 1759 τὸ
1004 1718 1172 1759 ἐλινύειν
1205 1724 1400 1772 περιττῶς
1435 1719 1506 1773 μὲν
1538 1720 1654 1772 παρὰ
1686 1725 1757 1759 τοῦ

273 1794 603 1849 Ἡρακλείδου
636 1791 994 1847 ἐτυμολογεῖσθαι,
1034 1790 1212 1845 ἀκριβῶς
1241 1790 1285 1830 δὲ
1307 1790 1386 1830 ὑπὸ
1408 1796 1478 1830 τοῦ
1501 1788 1757 1845 Βακχείου

266 1865 602 1920 παραδεδόσθαι.
697 1865 782 1904 ἔστι
814 1864 894 1917 γὰρ
926 1864 971 1902 τό
1007 1863 1144 1916 ἀργεῖν
1177 1862 1251 1901 καὶ
1283 1861 1518 1916 σχολάζειν,
1553 1861 1607 1910 ὡς
1637 1862 1757 1909 αὐτὸς
1776 1872 1823 1897 20

272 1937 614 1991 Ἱπποκράτης
661 1936 851 1990 ἐμφαίνει
896 1933 1042 1987 λέγων·
1090 1932 1278 1974 (ἐλινύειν
1320 1934 1367 1973 οὐ
1400 1932 1610 1988 συμφέρει,
1647 1931 1756 1973 ἀλλὰ

267 2006 515 2064 γυμνασίη’,
541 2006 731 2061 δηλονότι
756 2004 1101 2047 ἀντιδιαστέλλων
1123 2011 1173 2058 τῇ
1199 2003 1362 2058 κινήσει
1383 2004 1459 2058 τὴν
1483 2005 1643 2058 ἀργίαν.
1679 1999 1756 2043 Ra

842 2135 909 2173 26.
945 2135 1181 2184 (LXXIV.)

328 2235 388 2274 VI
429 2246 461 2281 Ι,
489 2245 539 2282 14
572 2233 628 2281 (V
664 2242 760 2283 274,
780 2243 808 2280 4
841 2231 910 2278 L.)
941 2231 1107 2284 πυρετοὶ
1131 2261 1138 2267 .
1166 2260 1172 2266 .
1198 2229 1449 2278 δακνώδεες]
1475 2228 1758 2277 δακνώδεες

268 2307 487 2359 πυρετοί·
538 2304 575 2344 οἱ
622 2305 671 2344 ἐκ
718 2302 878 2357 βάθους
924 2300 1224 2355 ἀναφερόμενοι
1262 2302 1336 2341 καὶ
1368 2300 1520 2355 δριμεῖς
1550 2302 1650 2354 πρὸς
1681 2299 1757 2353 τὴν
1777 2310 1823 2336 25

273 2375 401 2429 άφὴν,
449 2373 528 2429 ἀφ’
576 2375 632 2415 ὧν
679 2372 909 2426 ῒκινηθείς
955 2372 1077 2427 θέμις
1120 2373 1195 2412 καὶ
1237 2372 1398 2420 πάντας
1434 2372 1527 2419 τοὺς
1563 2371 1759 2424 πυρετοὺς

272 2448 352 2487 ἀπὸ
385 2453 458 2501 τῆς
491 2447 540 2486 ἐκ
573 2445 731 2500 βάθους
765 2443 1078 2498 ἀναφερομένης
1109 2443 1259 2497 τέταχε
1290 2442 1538 2497 θερμασίας.
1602 2442 1644 2481 R
1655 2437 1681 2459 Η

366 2557 418 2585 24.
450 2552 526 2582 uide
546 2563 584 2591 p.
605 2551 660 2588 47,
680 2551 723 2580 16
844 2550 883 2579 21
918 2547 1172 2588 Ἱπποκράτης]
1200 2547 1304 2586 Ερίἀ.
1338 2547 1386 2576 ῙΊ
1408 2546 1427 2576 Ι.
1449 2557 1472 2576 c.

368 2650 407 2679 11
437 2647 607 2679 ἐλιννύειν
634 2649 665 2676 ct
692 2646 738 2676 sic
759 2645 878 2683 ubique
898 2642 958 2674 RH
1050 2644 1092 2674 12
1107 2642 1245 2682 θύβριοι
1261 2640 1322 2672 ΗΠ
1337 2652 1343 2672 ;
1360 2653 1444 2672 corr.
1464 2643 1672 2682 Darembery
1689 2641 1761 2671 218

369 2709 408 2738 1ss
438 2706 618 2745 ἀλεανθὲς
644 2703 979 2745 εονὶρείῑὴλιανθὲς
1006 2700 1067 2733 RH
1206 2702 1246 2732 17
1275 2701 1546 2740 ᾶλεταινόμενοι
1572 2698 1756 2730 Rlltcorr,

274 2769 482 2807 Darembery
574 2767 615 2796 22
635 2764 814 2805 γυμνάσια
832 2763 939 2802 ΗίΡΡ.
960 2762 1054 2792 codd.
1131 2760 1298 2802 δηλονότι
1317 2760 1438 2799 scripsi
1454 2770 1460 2790 z
1477 2759 1588 2800 δῆλον
1608 2758 1654 2797 ὡς
1674 2756 1734 2789 RH
1751 2769 1756 2788 ε

274 2827 392 2867 δηλῶν
421 2825 469 2863 ὡς
496 2825 598 2856 Klein
696 2824 738 2853 26
765 2821 928 2862 κινηθεὶς
946 2820 1049 2861 θέμις
1068 2822 1231 2859 corrupta
1246 2830 1252 2849 :
1267 2818 1421 2859 κνήσεις·
1466 2817 1625 2858 Θεμίσων
1650 2815 1703 2861 <δ’
1720 2817 1756 2848 ἐν

273 2882 429 2928 τούτοις>
472 2884 648 2914 Ernwrins
683 2882 785 2913 Klein
820 2881 891 2911 coll.
922 2881 995 2911 Gal.
1026 2880 1082 2909 IX
1112 2880 1182 2909 475
1215 2889 1261 2917 sq.
1282 2879 1323 2908 K.
1341 2888 1347 2908 :
1362 2877 1564 2918 πλανηθεὶς
1599 2875 1757 2917 Θεμίσων

268 2944 495 2984 praetulerim
