1872 3194
1572 168 1609 194 xi

177 273 332 312 similia
382 286 706 324 nonnumquam
754 272 956 324 repperit.
1023 271 1109 311 Sed
1154 271 1281 312 ualde
1324 271 1557 312 dolendum
1591 280 1669 319 est,

177 344 296 396 quod
330 345 415 383 iam
447 344 489 383 in
524 344 667 383 uerbis
700 344 769 394 65,
795 354 816 394 3
854 343 1027 397 ἀγαγεῖν
1059 344 1110 383 τὰ
1143 343 1247 396 ὑγρὰ
1271 345 1345 382 καὶ
1368 345 1466 396 πρὸς
1489 345 1671 397 ἔκκρισιν

176 415 322 454 subito
358 415 526 454 desinit.
593 413 767 454 Contuli
800 414 969 453 Parisiis
1003 428 1038 453 a.
1080 425 1202 464 1914.

270 486 367 526 Hoc
401 487 554 525 codice
588 499 688 525 usus
722 492 799 532 est,
834 485 906 537 qui
941 499 1053 524 anno
1091 494 1197 536 1552
1233 492 1421 525 exeunte
1455 485 1523 525 uel
1564 495 1668 536 1553

177 558 353 597 ineunte
387 557 441 596 ad
475 557 675 597 codicem
709 557 749 596 D
783 556 1060 596 scribendum
1094 570 1324 609 aggressus
1358 564 1440 596 est:
1690 556 1724 592 D

267 628 584 668 PARISINVS
618 642 679 680 gr.
707 637 834 679 2177,
860 627 962 667 olim
985 628 1162 680 Rogerii
1185 628 1239 667 de
1263 628 1530 679 Gaignieres,
1555 629 1671 668 char-

175 706 337 747 taceus,
382 699 582 739 foliorum
628 700 720 750 136,
763 713 786 738 e
826 699 961 738 tribus
1001 699 1227 738 codicibus
1266 706 1450 746 constat,
1490 713 1671 752 quorum

176 771 327 810 tertius
362 771 618 810 Erotianum
654 771 858 810 continet.
914 770 1015 809 Duo
1051 769 1207 809 librarii
1241 784 1338 809 sese
1371 771 1578 822 deinceps
1601 785 1672 810 ex-

172 842 353 893 cipiunt,
395 842 512 894 prior
551 865 604 867 ——
648 855 748 881 eum
781 841 912 880 fuisse
946 841 1153 880 Ioannem
1187 841 1423 893 Goupilum
1457 842 1671 882 medicum

174 913 415 952 Parisinum
449 913 652 965 equidem
677 913 875 965 suspicor
898 935 951 938 -—
977 911 1047 952 fol.
1073 913 1130 963 96
1142 914 1322 951 Γᾼ121Γ
1347 926 1461 964 supr.
1487 913 1670 965 scripsit,

174 984 197 1023 i.
228 998 263 1023 e.
300 984 340 1022 in
376 984 510 1024 uerba
544 985 612 1035 65,
635 995 656 1035 3
702 985 874 1038 ἀγαγεῖν
906 985 958 1023 τὰ
991 984 1096 1037 ὑγρὰ
1130 985 1204 1023 καὶ
1236 985 1335 1037 ’πρὸς
1361 985 1543 1037 ἔκκρισιν
1568 985 1670 1024 exit.

171 1054 385 1095 Codicem
425 1056 467 1094 H
507 1056 753 1108 descripsit,
801 1055 1053 1095 describens
1098 1062 1269 1095 textum
1311 1056 1572 1095 coniecturis
1605 1056 1672 1095 ali-

172 1127 377 1178 quotiens
400 1141 485 1166 non
512 1128 603 1167 sine
633 1126 813 1167 artificio
838 1127 1096 1166 emendauit.
1162 1126 1310 1179 Opere
1334 1127 1585 1179 perfunctus
1610 1135 1672 1167 est

170 1197 484 1238 Constantinus
526 1198 848 1250 Palaeocappa,
895 1198 966 1250 qui
1013 1198 1208 1237 adhibito
1247 1198 1398 1238 codice
1431 1199 1472 1237 K
1506 1206 1671 1251 partem

171 1269 233 1308 Da
262 1270 450 1309 correxit
483 1276 823 1322 correctumque
853 1270 907 1309 ad
930 1269 1181 1309 umbilicum
1214 1270 1431 1321 perduxit.
1486 1265 1551 1308 Db
1574 1284 1671 1309 eum

172 1341 340 1380 uocaui.
398 1340 607 1380 Codicem
641 1341 680 1380 D
711 1341 794 1380 huc
819 1341 998 1380 missum
1021 1340 1183 1380 contuli
1207 1341 1381 1380 ineunte
1405 1355 1518 1380 anno
1548 1353 1670 1392 1914,

170 1411 334 1464 aliquot
367 1411 488 1452 locos
521 1412 680 1451 dubios
717 1412 870 1451 eadem
906 1418 1074 1451 aestate
1107 1412 1277 1451 Parisiis
1307 1413 1463 1452 iterum
1487 1413 1669 1464 inspexi.

259 1483 418 1522 Munus
468 1483 656 1523 absoluit
708 1484 850 1523 scriba
895 1484 974 1522 iste
1018 1490 1117 1535 post
1157 1494 1219 1523 12.
1254 1483 1371 1536 Aug.
1415 1493 1536 1534 1553,
1572 1497 1670 1523 nam

172 1554 372 1594 codicem
415 1555 476 1594 Da
522 1555 715 1594 nondum
756 1561 1000 1594 correctum
1033 1562 1075 1594 et
1107 1554 1358 1606 suppletum
1393 1555 1589 1594 adhibuit
1623 1556 1669 1602 is,

173 1626 246 1677 qui
280 1627 477 1666 codicem
510 1626 548 1666 G
582 1627 797 1666 exarauit:

262 1697 578 1738 PARISINVS
619 1712 680 1750 gr,
719 1699 845 1749 2615,
881 1698 1150 1745 chartaceus,
1186 1712 1208 1737 e
1242 1698 1413 1737 duobus
1447 1698 1723 1737 codicibusG

172 1775 358 1815 constat,
394 1783 578 1821 quorum
612 1770 729 1821 prior
762 1769 1050 1822 fragmentum
1076 1769 1271 1808 Erotiani
1295 1769 1484 1808 exhibet.
1531 1769 1670 1809 Illeuit

180 1839 374 1879 librarius
420 1852 452 1888 Ι,
476 1852 628 1887 1-21,
655 1841 682 1880 6
716 1840 986 1895 ἄχη·λύπας,
1025 1841 1067 1879 in
1108 1855 1192 1880 una
1233 1842 1393 1893 pagina
1437 1854 1576 1880 uacua
1614 1854 1671 1880 re-

175 1910 276 1950 licta
309 1911 378 1961 64,
405 1923 418 1950 1
460 1912 569 1967 ἀρχὴ
605 1919 675 1952 τοῦ
708 1912 730 1950 δ
763 1935 817 1938 m
854 1913 923 1963 65,
945 1923 965 1963 3
1006 1914 1106 1966 πρὸς
1139 1913 1322 1965 ἔκκρισιν
1350 1911 1578 1966 ἐτσιμάζειν
1603 1913 1671 1951 ad-

179 1983 331 2021 iunxit.
374 1983 534 2023 Misera
563 1982 757 2036 epitoma
780 1991 919 2023 scatet
941 1984 1249 2036 stupidissimis
1273 1983 1540 2035 corruptelis.
1580 1984 1669 2024 Fol.

175 2055 212 2092 1¹‘
262 2054 370 2093 haec
414 2054 634 2106 leguntur:
684 2067 749 2094 12.
791 2055 980 2107 Augusti
1017 2067 1141 2106 1553.
1205 2055 1250 2094 E
1282 2054 1470 2106 Goupilo,
1504 2055 1579 2107 qui
1606 2070 1671 2095 ex-

168 2125 400 2177 scripserat
429 2140 450 2165 e
482 2125 536 2165 lb.
572 2126 610 2165 d.
646 2126 702 2165 du
737 2126 954 2166 Rondeau.
1009 2125 1180 2178 Quibus
1204 2126 1370 2165 addidit
1394 2125 1475 2165 alia
1498 2140 1669 2166 manus:

168 2197 311 2236 omm'a
345 2197 449 2236 hacc
471 2204 622 2248 postea
655 2196 770 2250 1564
802 2198 911 2249 lypis
942 2211 1120 2237 excussa
1154 2204 1254 2236 sunt
1282 2196 1335 2236 ab
1367 2196 1553 2237 Henm'co
1587 2197 1671 2238 δίε-

159 2268 275 2319 fano
301 2269 453 2320 paucis
485 2268 712 2308 admodum
745 2268 881 2308 literis
912 2275 987 2308 aut
1018 2268 1183 2308 uocibus
1215 2268 1459 2317 immutatis,
1492 2275 1538 2308 ul
1566 2270 1676 2309 m'lzz'l

168 2338 225 2378 sit
247 2346 350 2391 opus
371 2339 447 2378 [κοί
467 2339 711 2391 exemplari
729 2354 857 2379 manu
880 2340 1045 2391 scripto.
1084 2339 1261 2379 Contuli
1287 2339 1456 2378 Parisiis
1480 2354 1516 2379 a.
1548 2352 1669 2391 1914.

258 2411 349 2449 Iam
382 2411 510 2450 uenio
544 2411 599 2450 ad
633 2410 813 2450 alteram
837 2410 1043 2450 familiam
1067 2410 1216 2450 classis
1243 2411 1480 2450 deterioris.
1527 2410 1669 2463 Quam

169 2482 360 2534 quinque
394 2482 571 2522 codices
605 2482 808 2529 efficiunt,
845 2482 931 2534 qui,
963 2482 1045 2521 etsi
1079 2482 1274 2520 eiusdem
1304 2482 1534 2534 prosapiae
1558 2490 1669 2529 sunt,

171 2566 310 2604 paene
359 2567 512 2593 omnes
555 2554 739 2593 subinde
779 2554 820 2592 in
855 2553 976 2604 peius
1011 2553 1220 2598 abierunt,
1257 2553 1336 2592 nisi
1370 2554 1488 2605 quod
1522 2560 1670 2593 textus

170 2624 337 2663 codicis
369 2624 403 2662 F
437 2624 491 2663 ad
526 2624 656 2664 alium
690 2624 886 2664 codicem
927 2631 1147 2663 correctus
1182 2630 1257 2663 est.
1324 2623 1475 2676 Atque
1510 2625 1670 2676 primus

173 2695 478 2735 nominandus:

290 2766 749 2807 BRVXELLENSIS
783 2780 844 2819 gr.
887 2768 1248 2818 11345—11348,
1279 2780 1409 2819 quem
1433 2766 1534 2805 olim
1558 2767 1720 2806 Tho-L

173 2851 265 2876 mas
300 2838 485 2877 Linacer
518 2838 787 2890 possederat,
823 2838 1091 2885 chartaceus,
1127 2837 1289 2877 saeculi
1322 2838 1438 2885 XVI,
1471 2837 1669 2877 foliorum
