1872 3194
745 221 1007 249 FRAGMENTA
1555 215 1622 248 103

737 331 798 368 15.
834 330 1023 379 (LXIII.)

220 426 282 466 IV
311 438 324 465 1
354 426 412 475 (V
442 438 533 475 144,
560 437 582 465 2
609 426 678 474 L.)
703 424 952 480 βλεννώδεα]
977 426 1019 466 ἔν
1041 439 1142 465 τισιν
1166 425 1429 479 ἀντιγράφοις
1451 427 1620 479 εὕρομεν

129 497 392 552 πλευμώδεα,
426 498 503 537 οὐκ
535 497 684 551 ὀρθ-ῶς.
768 496 976 551 βλεννώδη
1011 496 1092 551 γάρ
1125 497 1209 537 ἐστι
1239 497 1291 536 τὰ
1326 495 1507 550 μυξώδη,
1548 497 1623 535 καί

131 568 280 623 βλέννοι
312 568 339 622 ἡ
376 568 494 623 μύξα.
559 564 636 608 Ru

95 710 111 736 5
731 698 793 740 16.
828 699 1023 748 (LXIV.)

220 794 263 834 V
308 806 321 833 1
369 794 427 843 (V
462 805 559 843 204,
585 805 613 843 4
652 794 721 842 L.)
761 793 1018 849 ἐβλιμάσθη]
1073 793 1371 849 ἐβλιμάσθη·
1428 794 1621 847 ἐπτίσθη,

133 864 381 920 ἐμαλάχθη,
416 864 580 919 ἐθλίβη.
645 865 806 919 εἴρηται
839 865 884 905 δὲ
916 866 1031 918 παρὰ
1072 867 1115 905 τό
1147 864 1339 920 βλίσσειν,
1374 865 1395 905 ὅ
1429 865 1513 905 ἐστι
1547 879 1622 919 μα-

131 936 306 985 λάττειν,
341 935 395 985 ὡς
436 934 804 990 Ἀριστοφάνης
838 937 879 976 ἐν
908 933 1070 990 ’Όρνισί
1102 948 1241 989 φησιν·

507 1031 595 1071 εἶτα
629 1029 825 1085 λαβόντες
856 1028 1046 1071 πωλοῠσ’
1080 1030 1271 1084 ἀθρόους·

66 1113 111 1140 10
503 1101 541 1142 οἱ
573 1099 617 1142 δ’
649 1102 850 1143 ὠνοῦνται
881 1101 1160 1156 βλιμάζοντες.

130 1197 280 1252 ὁμοίως
311 1199 386 1238 καὶ
418 1196 642 1251 Σοφοκλῆς
677 1196 882 1252 μέμνηται
912 1203 988 1251 τῆς
1019 1196 1168 1247 λέξεως
1201 1198 1243 1238 ἐν
1275 1196 1498 1251 Πανδώρᾳ.
1547 1193 1624 1237 R''

749 1365 810 1405 17.
846 1364 1020 1413 (LXV.)

220 1459 262 1499 V
296 1469 319 1511 7
354 1459 413 1508 (V
447 1460 544 1507 208,
566 1470 589 1498 2
625 1459 693 1508 L.)
729 1458 942 1514 κοχώνην]
976 1458 1223 1513 κοχώνην·
1268 1458 1305 1499 οἱ
1339 1460 1409 1513 μὲν
1442 1460 1487 1498 τὸ
1523 1458 1625 1512 ἱερὸν

132 1531 291 1571 ὀστοῦν.
375 1530 413 1570 οἱ
446 1530 492 1571 δὲ
523 1532 597 1579 τὰς
630 1529 810 1579 κοτύλας
841 1535 922 1571 τῶν
948 1530 1104 1585 ἰσχίων,
1129 1529 1172 1580 ἐξ
1195 1531 1251 1570 ὧν
1275 1531 1381 1570 ἐστιν
1413 1527 1625 1584 Ἀριστο-

66 1612 110 1659 115
131 1602 292 1655 φάνης
339 1601 360 1642 ό
408 1601 708 1656 γραμματικός.
802 1600 1060 1650 Γλαυκίας
1107 1601 1152 1642 δὲ
1199 1603 1274 1642 καὶ
1328 1599 1627 1655 Ἰσχόμαχος

130 1674 205 1713 καί
244 1671 493 1723 Ἱππῶναξ
525 1674 576 1713 τὰ
613 1673 739 1728 ἰσχία.
811 1674 858 1713 οὐ
889 1673 984 1727 γάρ,
1019 1673 1074 1721 ὥς
1105 1687 1209 1721 τινες
1242 1674 1419 1726 ἔφασαν,
1455 1672 1498 1712 αἱ
1529 1672 1625 1712 ὑπο-

130 1743 340 1798 γλουτίδες
393 1744 469 1785 εἰσί
522 1750 724 1799 κοχῶναι,
780 1744 891 1784 ἀλλὰ
937 1745 989 1784 τὰ
1038 1743 1317 1798 σφαιρώματα
1370 1743 1624 1798 καλούμενα.

132 1815 285 1869 σάρκες
332 1813 376 1855 δ’
415 1816 515 1856 εἰσὶν
566 1816 689 1856 αὗται
735 1822 976 1870 περιφερεῖς,
1019 1813 1091 1869 ἐφ’
1125 1816 1189 1864 αἷς
1221 1814 1476 1869 καθ-ἤμεθα.
1572 1814 1627 1863 ὡς

134 1888 209 1927 καί
248 1885 617 1941 Ἀριστοφάνης
649 1887 670 1928 ὁ
706 1889 892 1942 κωμικὸς
924 1888 966 1929 ἐν
1000 1886 1235 1941 Τριφάλητί
1266 1897 1380 1940 φησι·

65 1992 112 2018 20
345 1981 446 2035 ῒτίς
479 1982 524 2023 δὲ
557 1983 612 2031 εἶς
644 1982 666 2023 ὁ
700 1982 841 2031 λοιπὸς
873 1982 1082 2037 ἐγγύτατα
1113 1983 1187 2031 τὰς
1219 1982 1378 2035 ὀσφύας

346 2055 412 2094 ἐπὶ
443 2059 524 2095 τῶν
561 2059 764 2109 κοχωνῶν
798 2054 923 2109 ἀργὸς
957 2055 1078 2103 αὐτὸς
1110 2053 1265 2095 οὑτοσίζ

131 2150 206 2188 καί
237 2147 458 2198 Εὔπολις
491 2150 532 2190 ἐν
565 2148 761 2199 Κόλαξιν·

231 2295 283 2324 16.
312 2291 352 2330 cf.
374 2290 448 2321 Gal.
471 2291 561 2321 XIX
585 2291 639 2329 94,
657 2292 677 2321 9
702 2292 744 2321 K.
823 2291 920 2332 Grey.
943 2291 1016 2322 Cor.
1036 2292 1110 2322 Ion.
1133 2291 1201 2321 177
1346 2291 1365 2320 8
1392 2288 1539 2331 Ὄρνισι]
1559 2291 1628 2321 529

227 2350 267 2380 11
297 2349 489 2391 Πανδώρᾳ]
518 2351 562 2389 fr.
583 2351 652 2380 443
678 2351 719 2381 N.
864 2351 907 2381 14
938 2349 1204 2391 Ἀριστοφάνης
1231 2348 1249 2380 ὁ
1277 2350 1539 2391 γραμματικός]
1568 2351 1628 2381 hoc

131 2410 364 2450 fragmentum
389 2410 481 2451 fugit
499 2411 618 2441 Nauck
748 2410 790 2441 16
822 2408 1011 2450 Ἱππῶναξ]
1040 2411 1081 2449 cf.
1095 2421 1132 2449 p.
1152 2410 1222 2440 499
1247 2420 1293 2449 sq.
1313 2411 1354 2439 B.
1480 2410 1521 2440 19
1549 2409 1626 2449 Τρι-

131 2469 277 2510 φάλητι]
305 2470 350 2509 fr.
370 2470 440 2500 544
464 2470 507 2501 K.
632 2471 674 2500 22
703 2469 871 2510 Κόλαξιν]
900 2470 1000 2500 'immo
1027 2471 1130 2509 Bapt.
1150 2470 1194 2509 fr.
1217 2470 1261 2499 77
1285 2469 1327 2499 K.

228 2599 246 2629 9
279 2600 425 2639 πώλους
459 2601 599 2640 ἀώρους
634 2602 856 2633 ἐπωνοῦνται
888 2599 950 2631 ΕΠ
966 2611 972 2631 z
988 2611 1030 2631 ex
1056 2600 1287 2640 Aristophane
1313 2610 1398 2630 corr.
1418 2601 1627 2642 Darembery

133 2660 203 2690 214
298 2660 340 2691 13
366 2660 561 2701 κογχώνην
588 2663 620 2691 et
645 2660 692 2691 sic
719 2661 841 2700 ubique
867 2658 930 2690 RH
946 2670 952 2690 ε
968 2670 1053 2690 corr.
1072 2661 1281 2701 Darembery
1307 2660 1378 2690 214
1476 2660 1517 2691 16
1545 2658 1626 2691 ὓπο-

132 2718 327 2760 γλωττὶδες
347 2717 410 2749 RH
424 2729 431 2750 :
447 2729 533 2750 corr.
553 2721 763 2761 Darembery
864 2720 905 2750 19
932 2719 1097 2760 τρυφάλῃ
1119 2717 1181 2749 RH
1196 2729 1203 2749 :
1219 2729 1304 2749 corr.
1323 2720 1532 2760 Darembery

135 2778 179 2808 20
205 2777 252 2808 sic
274 2778 311 2808 in
328 2776 390 2808 RH
408 2778 852 2820 Zeywvtturzpraeezcntibus
883 2779 1091 2819 Daremberq
1122 2780 1153 2808 et
1183 2778 1415 2809 Schneidewin
1445 2780 1504 2810 hoc
1531 2780 1627 2810 modo

133 2837 286 2868 restituit
311 2837 434 2868 Kaibel
459 2839 602 2869 Hermes
631 2839 733 2868 XXX
755 2838 876 2877 (1895)
903 2838 995 2868 430:
1012 2835 1030 2868 ὁ
1058 2837 1279 2879 λισπὸπυγος
1311 2838 1383 2877 ἄρα.
1407 2836 1475 2882 (τίς
1502 2837 1589 2873 ἐστ’,
1610 2836 1627 2869 ο

135 2894 363 2940 καθήμενος>
388 2896 445 2928 ἐπὶ
471 2899 539 2928 τῶν
567 2900 742 2939 κοχωνῶν
772 2896 998 2938 ἀργοναὺτης
1028 2895 1166 2934 οὓτοσίς
1289 2897 1413 2939 ἐγγὺττ
1441 2896 1501 2928 RH
