1872 3194
322 179 386 205 VIII

350 283 418 322 Ex
464 284 528 321 his
574 283 708 321 tribus
753 283 899 322 formis
942 283 1091 322 ultima
1131 284 1432 323 tantummodo
1467 285 1521 323 ad
1555 291 1748 324 nostram

262 361 449 393 aetatem
482 355 647 406 integra
681 354 887 405 peruenit.
939 355 1095 393 Forma
1128 355 1314 407 genuina
1344 353 1369 391 Δ
1399 369 1487 407 quo
1511 355 1641 395 modo
1666 355 1747 395 dis-

262 425 402 476 posita
451 425 587 472 suerit,
622 432 729 477 quot
770 424 1006 477 qualesque
1039 425 1205 478 glossas
1243 427 1514 474 continuerit,
1554 425 1749 479 diligenti

260 495 455 547 glossarii
478 497 637 536 seruati
663 497 1004 548 perscrutatione
1028 497 1220 536 diuinare
1243 511 1486 549 possumus.
1520 497 1749 536 Praeterea

260 566 424 606 scholia
456 567 656 606 codicum
689 567 961 619 quorundam
988 568 1399 620 Hippocraticorum
1423 568 1665 621 fragmenta
1693 568 1749 607 ab

261 638 617 689 epitomatoribus
651 645 795 690 spreta
828 639 954 678 nobis
986 639 1279 691 suppeditant.
1330 640 1513 679 Formae
1540 637 1590 676 87
1620 639 1748 678 testis

260 716 325 748 est
348 710 422 756 uir,
448 710 519 761 qui
543 723 593 749 ea
619 723 719 749 usus
743 717 819 757 est,
843 710 1079 762 Gregorius
1103 709 1362 758 Corinthius,
1389 711 1748 762 archiepiscopus

260 780 452 819 Corinthi
486 780 660 820 saeculo
693 781 771 820 XII
805 782 992 820 ineunte.

349 851 428 890 His
467 852 520 891 de
571 866 612 891 re
646 853 845 891 uniuersa
879 852 1125 903 praemissis
1158 866 1269 892 nunc
1302 852 1471 904 singula
1504 853 1745 892 uideamus.

510 1078 540 1104 1.
607 1066 687 1105 DE
721 1065 1064 1106 GLOSSARIO
1100 1065 1387 1106 SERVATO
1421 1064 1493 1105 82.

346 1206 607 1258 Quindecim
639 1209 865 1248 codicibus
894 1209 1087 1248 Erotiani
1110 1208 1367 1261 glossarium
1390 1208 1594 1248 traditum
1617 1208 1745 1248 nobis

257 1286 333 1318 est.
400 1278 564 1318 Omnes
610 1293 665 1319 ex
708 1293 793 1318 uno
833 1280 1076 1331 eodemque
1111 1280 1363 1332 archetypo,
1398 1278 1650 1319 minusculis
1683 1278 1744 1318 lit-

257 1350 357 1389 teris
386 1351 463 1389 XII
496 1350 677 1390 fortasse
702 1351 769 1390 uel
791 1351 891 1390 XIII
914 1351 1090 1391 demum
1114 1351 1287 1391 saeculo
1311 1357 1505 1396 exarato,
1530 1350 1741 1402 originem

256 1421 484 1460 duxerunt.
549 1422 596 1460 ld
639 1429 679 1461 et
718 1422 816 1461 inde
850 1429 1043 1474 apparet,
1079 1422 1195 1474 quod
1228 1435 1379 1461 omnes
1412 1422 1599 1461 eundem
1632 1421 1744 1474 glos-

256 1505 399 1531 sarum
441 1493 650 1532 ambitum
691 1494 845 1533 eodem
879 1494 1028 1533 ordine
1063 1493 1257 1541 afferunt,
1293 1500 1336 1532 et
1368 1507 1527 1545 magna
1559 1493 1600 1532 in
1633 1506 1742 1532 erro-

256 1563 372 1602 ribus
414 1564 638 1603 consentio
678 1565 843 1615 probat.
911 1564 997 1604 Sed
1030 1564 1130 1604 licet
1162 1578 1217 1603 ex
1250 1564 1405 1604 eodem
1439 1577 1590 1603 omnes
1623 1564 1742 1603 fonte

255 1635 435 1673 deriuati
477 1635 573 1682 sint,
609 1636 649 1674 in
684 1636 790 1675 duas
824 1643 970 1675 tamen
1003 1635 1163 1675 classes
1196 1636 1438 1683 discedunt,
1474 1649 1654 1687 quarum
1689 1634 1743 1674 al-

255 1706 333 1744 teri
375 1706 621 1758 assignandi
656 1714 752 1745 sunt
786 1707 846 1746 hi:
896 1706 939 1746 A
963 1707 1003 1746 V
1039 1706 1147 1746 Vall.
1179 1707 1234 1745 W
1257 1707 1291 1745 B
1315 1706 1348 1746 C
1372 1707 1426 1753 K,
1462 1706 1583 1746 alteri
1614 1706 1743 1758 eique

256 1776 389 1816 multo
424 1777 623 1816 deteriori
657 1778 717 1817 hi:
754 1778 794 1816 H
820 1778 855 1816 L
880 1778 924 1816 M
949 1777 987 1817 O
1012 1778 1048 1816 E
1072 1778 1105 1816 F
1129 1777 1179 1818 G.
1239 1778 1425 1817 Mixtum
1459 1778 1582 1829 quasi
1615 1790 1742 1828 quen-

255 1849 354 1886 dam
397 1848 537 1887 locum
579 1849 746 1888 obtinet
785 1849 926 1888 codex
966 1849 1019 1896 D,
1061 1850 1182 1888 cuius
1222 1850 1336 1901 prior
1370 1862 1480 1900 pars,
1516 1862 1647 1900 quam
1680 1848 1742 1887 Da

255 1919 391 1970 signo,
428 1933 450 1958 a
484 1920 635 1959 codice
670 1920 711 1958 H
746 1920 919 1971 pendet,
955 1921 1179 1971 posterior,
1215 1915 1295 1967 Db,
1331 1934 1386 1959 ex
1415 1920 1456 1958 K
1484 1919 1743 1971 transcripta

256 1997 331 2034 est,
369 1990 420 2029 cf.
457 1990 563 2030 infra
597 2005 637 2042 p.
673 2004 724 2030 xl.

343 2133 566 2180 Codicum,
616 2147 726 2186 quos
771 2133 957 2173 melioris
997 2140 1124 2173 notae
1158 2147 1253 2173 esse
1287 2134 1429 2181 statui,
1465 2146 1562 2172 curn
1597 2139 1741 2172 aetate

255 2210 342 2242 tum
377 2205 532 2244 uirtute
566 2204 689 2244 facile
722 2205 962 2256 principem
995 2205 1075 2244 sibi
1109 2205 1299 2244 uindicat
1331 2204 1474 2244 locum
1507 2204 1596 2243 hic:

201 2276 237 2311 A
342 2275 696 2315 VATICANVS
729 2289 789 2327 gr.
828 2286 923 2327 277,
959 2290 1087 2328 quem
1121 2276 1161 2314 in
1196 2276 1402 2314 Erotiano
1425 2274 1481 2322 A,
1505 2275 1547 2313 in
1571 2274 1736 2326 Hippo-

254 2353 368 2384 crate
411 2343 479 2384 [6¹¹
526 2346 807 2398 appellamus,
851 2347 1152 2398 bombycinus,
1193 2345 1351 2385 saeculi
1384 2346 1501 2393 XIV,
1537 2345 1735 2385 foliorum

252 2427 350 2467 474.
428 2417 694 2465 Collectioni,
742 2431 852 2469 quae
914 2424 1092 2457 uocatur
1136 2417 1356 2456 Marciana
1404 2417 1732 2468 Hippocratica,

254 2488 489 2537 praemissa
521 2495 620 2527 sunt
653 2496 694 2527 et
728 2488 982 2540 glossarium
1006 2488 1198 2528 Erotiani
1222 2495 1265 2527 et
1288 2487 1543 2539 glossarium
1567 2487 1736 2534 Galeni,

253 2557 354 2596 illud
400 2558 469 2597 fol.
519 2561 676 2610 2Υῤ9υ
728 2560 877 2599 litteris
919 2559 1226 2606 minutissimis,
1271 2558 1431 2598 crebris
1464 2558 1736 2610 compendiis

253 2630 470 2680 scriptum.
537 2630 708 2670 Contuli
742 2631 908 2669 Romae
943 2644 977 2669 a.
1020 2641 1142 2680 1914.

341 2700 408 2738 Ex
442 2701 523 2740 hoc
557 2701 708 2740 codice
740 2702 827 2740 duo
861 2700 1076 2740 fluxerunt
1110 2700 1375 2752 apographa,
1410 2700 1437 2738 k
1468 2707 1509 2739 et
1538 2714 1576 2739 v.
1627 2700 1734 2739 Peri-

251 2778 373 2809 erunt
406 2771 475 2810 illa
508 2772 695 2823 quidem,
731 2772 805 2810 sed
839 2772 893 2810 ad
927 2785 1005 2810 nos
1039 2777 1329 2823 peruenerunt
1362 2777 1545 2822 nepotes
1568 2771 1732 2810 codicis

252 2842 306 2886 A,
342 2856 438 2881 cum
474 2842 506 2881 C
530 2843 583 2884 K,
620 2849 709 2880 tum
743 2842 783 2879 V
809 2842 864 2879 w
890 2843 934 2880 B.
