1872 3194
292 124 359 150 XIV

233 243 299 268 res
340 236 412 267 aut
453 228 506 267 ad
546 227 757 279 originem
806 226 1072 278 singulorum
1121 227 1322 266 codicum
1368 227 1721 279 cognoscendam

232 307 303 338 aut
343 299 396 338 ad
436 298 858 350 consanguinitatem
903 311 1053 337 eorum
1097 297 1394 337 illustrandam
1433 297 1594 350 aliquid
1633 312 1720 337 mo-

232 362 364 410 menti
398 369 662 409 adferebant.
713 368 844 420 Quod
878 369 932 408 ad
962 368 995 409 C
1014 369 1056 408 K
1086 370 1250 416 attinet,
1276 369 1309 408 si
1333 369 1387 408 ab
1410 368 1454 408 A
1477 369 1721 417 discedunt,

231 442 298 481 hic
333 440 415 481 illic
450 440 721 480 adsciscendi
751 446 862 488 sunt,
888 446 935 479 ut
957 454 1105 479 eorum
1128 439 1294 479 indoles
1318 446 1478 492 pateat.
1533 439 1723 479 Codices

231 520 376 551 autem
418 512 459 551 V
498 511 609 551 Vall.
646 511 702 550 W
725 511 771 559 B,
812 511 852 550 D
877 511 927 559 G,
970 511 1007 550 E
1030 512 1076 559 F,
1112 518 1265 563 utpote
1299 512 1372 563 qui
1405 525 1461 550 ex
1494 511 1723 551 codicibus

231 583 372 622 adhuc
406 582 709 634 superstitibus
744 589 817 621 aut
850 583 1054 635 descripti
1078 583 1162 622 sint
1186 589 1261 621 aut
1283 582 1494 634 originem
1517 582 1723 621 duxerint

230 662 359 706 atque
409 653 572 706 aliquot
620 653 729 692 adeo
770 653 824 692 ab
857 653 1120 693 editionibus
1155 653 1386 705 pendeant,
1422 653 1538 692 omni
1571 660 1720 692 carent

230 725 499 772 auctoritate,
550 725 629 763 nisi
677 724 794 777 quod
844 725 1168 764 emendationes
1218 724 1381 764 codicis
1425 724 1485 763 Da
1531 724 1723 772 (Ioannis

228 795 425 848 Goupili)
459 796 524 835 bis
559 802 679 835 terue
713 796 989 847 recipiendae
1023 803 1133 835 sunt.

663 1008 700 1035 2.
766 997 846 1035 DE
879 994 1283 1035 FRAGMENTIS.

321 1115 507 1155 Codices
553 1129 680 1154 manu
715 1115 862 1165 scripti
897 1114 1210 1166 Hippocratici‚
1243 1114 1312 1165 qui
1348 1113 1489 1153 adhuc
1523 1121 1722 1165 pernotu-

994 1181 1006 1205 1
1046 1186 1283 1224 enumerati
1322 1191 1434 1224 sunt.
1499 1185 1601 1232 Eos,
1642 1186 1715 1238 qui

228 1195 363 1233 erunt,
404 1187 445 1225 in
485 1185 688 1238 catalogo
729 1186 980 1225 academico

230 1257 283 1296 ad
318 1258 571 1297 memoriam
604 1256 953 1297 constituendam
987 1257 1027 1295 in
1062 1270 1241 1296 censum
1275 1256 1464 1303 ueniunt,
1499 1256 1541 1295 in
1572 1257 1714 1308 capite

228 1329 365 1379 primo
411 1328 835 1380 Prolegomenorum,
880 1341 991 1379 quae
1031 1327 1207 1366 editioni
1248 1326 1559 1366 Kuehleweinii
1601 1341 1718 1379 prae-

229 1399 359 1438 missa
392 1406 502 1447 sunt,
528 1399 747 1451 Johannes
770 1398 912 1451 Ilberg
936 1399 1212 1438 examinauit.
1260 1397 1457 1449 Quorum
1480 1412 1566 1437 non
1591 1399 1718 1450 pauci

227 1470 402 1510 scholiis
426 1471 623 1509 adornati
646 1477 757 1509 sunt.
794 1470 943 1522 Atque
967 1483 1116 1509 eorum
1139 1468 1402 1508 scholiorum
1425 1468 1559 1508 multa
1578 1482 1714 1521 eaque

227 1542 450 1593 permagni
497 1542 704 1580 momenti
745 1555 767 1581 e
810 1540 1021 1593 glossario
1064 1540 1257 1579 Erotiani
1290 1540 1444 1579 hausta
1477 1553 1573 1580 esse
1606 1540 1717 1593 frag-

226 1613 470 1663 mentisque
505 1613 645 1652 adhuc
675 1613 835 1665 ignotis
862 1613 1099 1664 epitomam
1137 1618 1354 1650 seruatam
1379 1611 1525 1663 augeri
1549 1612 1713 1664 primus

227 1684 334 1722 uidit
367 1683 546 1723 Carolus
579 1683 860 1736 Daremberg,
896 1683 1120 1722 codicibus
1160 1678 1232 1721 RH
1275 1690 1317 1721 et
1362 1678 1426 1722 Ua
1459 1682 1712 1734 exploratis.

226 1755 488 1807 Fragmenta
529 1769 553 1794 a
591 1755 760 1794 medico
784 1753 855 1793 illo
879 1753 1027 1793 illustri
1060 1753 1347 1805 Francogallo
1382 1753 1551 1805 prolata
1582 1753 1710 1793 Klein

225 1826 408 1877 repetiit,
458 1832 620 1865 temere
669 1832 810 1864 autem
859 1825 1003 1864 officio
1052 1824 1236 1872 functus,
1287 1838 1400 1873 nam,
1442 1831 1487 1863 ut
1526 1825 1580 1864 de
1622 1824 1717 1864 aliis

226 1905 407 1944 taceam,
443 1910 497 1936 ex
526 1910 684 1949 magna
707 1896 819 1936 mole
842 1895 1104 1936 scholiorum
1128 1896 1411 1944 diuersorum,
1437 1909 1548 1948 quae
1572 1896 1709 1936 Littre

225 1974 437 2019 apparatu
485 1968 634 2007 critico
679 1982 758 2007 suo
803 1974 1096 2019 congesserat,
1143 1966 1276 2006 multa
1322 1967 1563 2015 admiscuit,
1604 1981 1717 2019 quae

225 2039 279 2077 ad
312 2039 565 2078 Erotianum
598 2038 713 2077 nullo
747 2039 879 2077 modo
913 2038 1138 2090 pertinent.
1194 2038 1398 2077 Errorum
1431 2037 1715 2077 fundamenta

225 2117 396 2148 strenue
429 2109 571 2161 Ilberg
604 2110 782 2157 detexit,
817 2110 888 2148 uia
917 2123 966 2149 ac
1002 2110 1166 2148 ratione
1205 2122 1461 2161 progressus
1484 2109 1563 2148 toti
1586 2096 1712 2161 quae-

232 2181 359 2219 stioni
394 2180 576 2220 multum
608 2180 714 2220 lucis
739 2180 891 2220 attulit.
947 2180 1161 2232 Equidem
1184 2193 1273 2219 rem
1295 2186 1342 2219 ut
1366 2180 1556 2219 funditus
1580 2179 1716 2219 absol-

224 2265 368 2290 uerem
408 2252 461 2290 ab
499 2252 619 2291 initio
659 2265 891 2304 aggressus
938 2265 1045 2291 sum.
1111 2249 1210 2302 Quo
1245 2251 1287 2289 in
1319 2251 1497 2303 negotio
1530 2250 1705 2290 codices

227 2322 576 2373 Hippocrafficos,
612 2329 826 2374 quotquot
853 2323 1074 2361 itineribus
1098 2322 1345 2361 examinare
1368 2321 1503 2373 potui,
1528 2328 1709 2361 cunctos

227 2394 530 2445 peruestigaui,
571 2393 736 2433 scholia
774 2394 983 2445 descripsi
1023 2400 1096 2432 aut
1130 2392 1304 2432 contuli.
1368 2392 1429 2432 Ut
1460 2406 1517 2431 ex
1550 2393 1713 2431 maiore

226 2471 348 2515 parte
396 2465 595 2503 codicum
645 2465 1057 2516 Hippocraticorum
1105 2464 1159 2503 ad
1206 2463 1401 2502 Erotiani
1453 2462 1712 2515 glossarium

227 2535 580 2586 cognoscendum
615 2536 919 2588 augendumue
953 2534 1114 2574 nullum
1147 2535 1333 2574 fructum
1356 2534 1596 2573 redundare
1619 2547 1713 2585 pro-

323 2673 332 2691 ¹
360 2679 425 2708 Die
461 2679 725 2709 Handschriften
762 2680 821 2710 der
859 2680 994 2709 antiken
1030 2672 1139 2708 ,Krzte
1192 2678 1414 2708 Griechische
1454 2678 1649 2718 Abteilung.
1684 2678 1712 2708 I.

227 2738 500 2777 Abhandlungen
541 2739 599 2768 der
635 2739 773 2778 Konigl.
814 2739 942 2769 Preuss.
979 2738 1165 2768 Akademie
1201 2737 1259 2767 der
1291 2737 1579 2767 wissenschaften
1612 2744 1712 2777 1905.

228 2797 340 2827 Erster
367 2798 537 2836 Nachtrag
563 2796 851 2837 (Abhandlungen
883 2796 993 2836 1907).
