1872 3194
698 233 964 262 FRAGMENTA
1511 227 1575 260 111

646 461 1028 502 VECTIARIVS.

662 581 730 618 40.
767 581 1003 630 (XXXIX.)

153 690 166 718 1
205 678 284 727 (IV
325 688 421 729 340,
449 689 492 716 11
539 677 695 716 L.:II
745 686 917 728 245,13
969 677 1084 725 Kw.)
1129 676 1367 732 ἐπιμυλίδα]
1414 677 1577 731 ἐπιμυ-

87 750 216 791 λίδα·
251 747 502 803 Βακχεῖος
534 749 576 789 ἐν
610 747 644 802 β’
676 748 751 788 καὶ
782 746 1110 802 Πασικράτης
1143 749 1184 789 ἐν
1217 753 1272 802 τῷ
1314 745 1579 802 Ἐξηγητικῷ

50 827 157 861 ὄτοῠ
204 819 421 875 Μοχλικοῠ
471 819 754 873 ἐπιγονατίδα.
849 818 1108 868 Διονύσιος
1157 819 1202 860 δὲ
1248 817 1464 873 Νικάτορα
1511 821 1581 860 τον

87 893 161 933 καί
192 890 399 932 Σέλευκον
438 890 607 944 ἱστορῶν
641 902 756 944 φησι·

278 983 421 1037 Ῠτάδ’
453 986 508 1035 εἰς
539 986 830 1040 τοῦμπροσθεν
864 986 1062 1026 ἀδυνατεῖ
1093 986 1224 1040 μύλης
1256 988 1347 1026 ὕπο.

87 1084 161 1123 καὶ
193 1079 423 1137 Ὅμηρος·

282 1177 325 1218 αἱ
358 1179 430 1233 μὲν
465 1176 729 1231 ἀλετρεύουσι
763 1176 894 1232 μύλης
927 1178 994 1217 ἔπι
1029 1176 1200 1232 μήλοπα
1232 1176 1408 1231 καρπόν.

23 1283 68 1310 10
88 1274 178 1328 ἐμοὶ
226 1273 271 1314 δὲ
310 1273 429 1314 δοκεῖ
456 1275 501 1313 τὸ
535 1274 791 1328 ἐπικείμενον
823 1279 873 1327 τῇ
910 1272 1162 1326 ἐπιγονατίδι
1195 1271 1326 1327 δέρμα
1360 1272 1581 1328 ἐπιμυλίδα

88 1344 301 1398 εἰρηκέναι
351 1344 420 1384 διὰ
467 1345 511 1385 τὸ
560 1345 627 1385 ἐπὶ
670 1350 720 1398 τῇ
773 1343 879 1399 μύλῃ
923 1344 1039 1385 εἶναι.
1134 1345 1231 1384 ἔνιοι
1264 1342 1307 1384 δ’
1339 1344 1582 1399 ἐπιμυλίδας

88 1417 214 1469 φασιν
247 1417 351 1457 εἶναι
381 1417 456 1465 τὰς
487 1415 688 1464 πλατείας
721 1415 944 1469 ἐπιφύσεις.
1040 1416 1242 1469 ἐπιγουνίς
1275 1415 1320 1456 δὲ
1351 1417 1396 1455 τὸ
1431 1415 1582 1456 ἀνώτε-

89 1501 157 1542 ρον
191 1487 309 1542 μέρος
341 1494 412 1528 τοῠ
443 1486 630 1542 γόνατος,
664 1484 740 1541 <ὡς
772 1488 848 1528 καὶ
879 1482 1142 1542 Ὅμηρος·>

302 1583 394 1637 οἵην
427 1584 477 1624 ἐκ
508 1582 674 1637 ῥακέων
707 1582 728 1623 ὁ
760 1582 893 1637 γέρων
926 1582 1165 1637 ἐπιγουνίδα
1199 1582 1346 1636 φαίνει.
1411 1579 1490 1622 RH

25 1773 38 1799 1
53 1772 70 1799 5
720 1762 789 1800 41.
825 1762 954 1811 (XL.)

158 1869 171 1897 1
211 1858 290 1908 (IV
322 1869 418 1910 342,
445 1870 496 1908 14
528 1858 578 1898 L.
600 1876 630 1889 =
649 1859 686 1897 ΙΙ
721 1858 819 1907 246,
845 1869 896 1909 19
928 1857 1043 1906 Kw.)
1072 1856 1451 1912 ῥεμβοειδέστατον]
1475 1871 1584 1911 καμ-

93 1929 347 1971 πυλώτατον.
441 1929 583 1984 ῥαιβὸν
630 1931 711 1984 γὰρ
759 1931 834 1969 καὶ
879 1936 1037 1984 γαῦσον
1084 1931 1128 1970 τὸ
1174 1927 1366 1983 στρεβλὸν
1405 1927 1581 1983 λέγεται.

94 2002 247 2050 καύτὸς
294 2001 340 2042 δέ
386 2001 464 2041 πού
506 2013 621 2055 φησι·
670 2000 1037 2056 “καμπυλώταται
1071 2000 1117 2041 δὲ
1148 1999 1323 2054 πλευραὶ
1358 1998 1586 2054 ἀνθρώπου

96 2073 186 2121 εἰσί,
234 2072 470 2128 ῥαιβοειδέα
515 2071 716 2127 τρόπον”.
811 2071 1043 2125 ’ξ’πλασίων
1092 2070 1135 2112 δ’
1183 2073 1249 2113 ἐπὶ
1295 2077 1364 2111 τοῦ
1405 2071 1518 2111 κατά
1550 2085 1587 2111 τι

26 2154 72 2180 20
94 2145 165 2198 μὲν
209 2144 366 2192 κοίλου,
400 2145 514 2185 κατά
556 2159 592 2185 τι
625 2144 671 2185 δὲ
703 2144 941 2200 καμπύλου,
975 2143 1030 2193 ὡς
1061 2142 1311 2197 Κινησίας
1341 2143 1478 2183 τάττει
1509 2142 1586 2196 τὴν

92 2214 211 2258 λέξιν.
276 2212 357 2255 RH

187 2363 242 2392 40.
271 2360 311 2398 cf.
332 2358 407 2390 Gal.
428 2359 518 2389 XIX
542 2359 596 2396 99,
614 2359 657 2388 13
683 2358 726 2388 K.
881 2358 899 2388 5
928 2356 1120 2396 Διονύσιος]
1148 2357 1192 2395 fr.
1213 2366 1292 2386 com.
1314 2356 1428 2395 adesp.
1448 2356 1520 2385 450
1544 2357 1586 2386 K.

189 2419 208 2448 8
235 2417 406 2459 Ὅμηρος]
435 2428 456 2458 η
487 2418 558 2448 104
657 2418 697 2448 13
720 2416 894 2458 ”Ομηρος]
924 2427 942 2448 σ
972 2417 1016 2447 74
1112 2420 1167 2449 41.
1195 2415 1221 2446 Ρ
1249 2420 1268 2449 5
1369 2415 1411 2445 18
1438 2414 1517 2455 πού]
1538 2416 1590 2445 De

94 2477 190 2508 artic.
210 2478 258 2508 45
283 2478 353 2517 (IV
374 2477 489 2516 1924
514 2478 651 2507 ΑΖΗ
674 2477 813 2516 172,14
838 2478 929 2515 Kw.)
1053 2476 1097 2506 20
1123 2474 1307 2516 Κινησίας]
1335 2475 1379 2514 fr.
1400 2476 1422 2504 3
1448 2475 1488 2505 Β.

188 2621 207 2652 3
235 2621 437 2662 ἐπιμυλάδα
456 2619 517 2651 ΒΗ
534 2631 540 2651 :
556 2631 641 2651 corr.
662 2620 766 2651 Klein
866 2621 883 2651 5
912 2620 1095 2660 ψικάτορα
1113 2616 1175 2649 RH
1191 2629 1196 2649 :
1213 2628 1298 2648 corr.
1317 2617 1439 2648 Kaibel
1458 2617 1588 2657 Pauly-

93 2681 257 2712 IVissowa
280 2681 310 2711 V
324 2681 393 2711 928
482 2681 501 2710 6
519 2679 582 2711 καὶ
600 2680 724 2710 Kaibel
740 2690 746 2710 :
762 2679 858 2711 κατὰ
884 2677 947 2710 RH
1039 2679 1056 2709 7
1084 2676 1344 2719 τοῦμπροσθεν]
1371 2676 1412 2708 τὸ
1430 2675 1588 2716 πρόσθεν

93 2741 302 2782 Darembery
328 2740 401 2770 210
508 2740 527 2770 9
555 2737 611 2771 ἔπι
639 2739 798 2780 μήλοπα]
826 2739 1030 2779 ἐπιμυλάδα
1056 2736 1117 2769 RH
1229 2738 1271 2767 10
1298 2736 1501 2777 ἐπιμυλάδα
1527 2734 1589 2767 RH

191 2799 231 2830 13
261 2798 309 2838 ὡς
334 2798 398 2830 καὶ
425 2798 583 2840 Ὅμηρος
612 2798 845 2830 αάιῖίιῖίιοῖον
873 2797 1033 2839 Ὅμηρος
1061 2807 1167 2838 φησιν
1188 2796 1265 2826 add.
1285 2797 1494 2837 Darembery

96 2859 136 2889 17
166 2858 293 2898 ῥέμβον
320 2856 384 2889 RH
543 2859 585 2889 19
615 2857 827 2899 ρεμβοειδέα
853 2856 916 2888 RH
1057 2856 1229 2895 πλασίων]
1258 2855 1336 2885 uide
1365 2855 1482 2892 75,10
1506 2865 1585 2895 app.

191 2919 234 2949 20
260 2915 347 2949 κοιᾹ’
373 2915 438 2948 RH
