1872 3194
1439 213 1506 240 XIX

79 328 234 360 essent.
290 320 338 359 Id
364 320 493 371 igitur
516 320 597 371 egi,
623 326 669 358 ut
692 325 861 358 textum
885 318 1102 369 epitomae
1127 315 1185 354 82
1211 332 1340 370 quam
1367 319 1566 358 emenda—

78 392 290 431 tissimum
314 390 544 434 efficerem,
569 389 724 429 deinde
749 389 989 441 fragmenta
1013 389 1117 428 uarii
1141 390 1310 441 generis
1336 390 1564 429 adicerem.

168 461 256 502 Sed
297 461 502 514 quoniam
544 461 806 513 epitomator
844 458 893 497 ΒΤ
931 460 971 498 in
1006 459 1161 512 glossis
1196 461 1249 499 ad
1284 461 1478 500 ordinem
1514 460 1566 500 al-

79 533 358 585 phabeticum
392 532 639 584 digerendis
672 531 849 571 dimidia
882 531 1003 583 quasi
1038 531 1108 570 uia
1134 531 1339 579 substitit,
1367 545 1421 571 ex
1445 545 1566 572 accu-

79 612 171 644 rata
209 604 428 656 epitomae
461 610 659 642 seruatae
692 616 791 642 cum
824 601 941 641 libris
975 602 1300 654 Hippocraticis
1333 602 1566 643 collatione

78 689 156 715 nec
191 689 276 715 non
309 674 484 714 scholiis
517 674 853 726 Hippocraticis‚
888 687 1000 725 quae
1032 680 1088 712 eX'
1117 673 1329 726 glossario
1353 673 1517 714 formae
1540 672 1568 711 Λ

78 747 233 786 hausta
264 752 376 792 sunt,
402 746 630 793 arcessitis,
656 745 709 784 ad
732 758 842 797 quos
866 744 985 784 locos
1009 745 1347 796 Hippocraticos
1371 745 1567 798 singulae

78 816 249 870 glossae
294 816 546 857 referendae
585 817 681 864 sint,
716 815 871 855 elicere
905 829 1147 868 possumus.
1213 816 1269 854 Et
1301 829 1567 869 quamquam

78 895 121 928 et
153 887 316 940 aliquot
349 894 572 927 remanent
605 887 789 940 glossae,
825 887 981 940 quibus
1004 894 1167 927 certam
1190 888 1393 939 equidem
1417 888 1565 928 sedem

78 960 298 1012 assignare
343 973 427 998 non
476 958 601 1006 ualui,
648 972 788 1011 neque
823 959 981 998 desunt
1013 972 1126 1010 quae
1161 958 1215 997 ad
1249 972 1379 1010 quem
1414 958 1567 998 librum

79 1030 439 1082 Hippocraticum
473 1030 718 1082 pertineant
746 1043 815 1069 me
845 1029 972 1082 plane
996 1029 1140 1077 lateat,
1166 1029 1273 1068 ordo
1297 1037 1455 1078 tamen,
1481 1044 1567 1083 quo

77 1101 310 1141 Erotianus
342 1101 535 1154 singulos
568 1101 698 1141 libros
733 1101 1073 1153 Hippocraticos
1107 1100 1302 1153 perlegit,
1338 1115 1390 1140 eo
1421 1101 1568 1141 labore

78 1173 242 1212 restitui
276 1180 434 1225 potest.
500 1173 565 1212 En
599 1173 734 1212 habes
767 1179 1072 1225 conspectum:

166 1315 195 1354 Ι.
261 1314 609 1355 SEMIOTICA:
656 1315 998 1367 Prognosticum.
1063 1315 1357 1355 Prorrheticus
1406 1316 1435 1355 I.
1501 1316 1568 1355 De

78 1386 341 1426 humoribus.
406 1386 474 1426 De
508 1386 653 1426 diaeta
667 1385 728 1435 (ἓ).
794 1386 1049 1438 Epidemiae
1082 1387 1236 1426 I—VI.
1297 1387 1565 1439 Aphorismi.

165 1458 216 1497 II.
280 1457 539 1498 PHYSICA
572 1464 617 1498 et
649 1457 1090 1497 AETIOLOGICA:
1126 1458 1193 1497 De
1227 1458 1439 1510 genitura.
1497 1458 1564 1497 De

77 1536 230 1568 natura
252 1529 386 1581 pueri.
439 1529 506 1568 De
529 1537 681 1569 natura
704 1529 900 1569 hominis.
967 1529 1034 1568 De
1068 1534 1178 1576 aere,
1214 1529 1337 1581 aquis
1371 1536 1413 1568 et
1447 1529 1566 1570 locis.

77 1600 145 1639 De
178 1599 362 1639 flatibus.
426 1600 493 1641 De
525 1600 678 1640 morbo
711 1614 847 1640 sacro.

166 1671 235 1711 ΙΙΙ.
285 1671 781 1711 THERAPEVTICA:
818 1671 926 1711 Lex.
977 1671 1044 1711 De
1067 1672 1342 1711 humidorum
1365 1686 1458 1712 usu.
1499 1673 1567 1712 De

77 1742 274 1782 sanitate.
321 1742 388 1781 De
411 1741 518 1782 locis
540 1742 582 1781 in
606 1743 792 1782 homine.
841 1743 908 1782 De
933 1743 1074 1794 prisca
1097 1743 1324 1782 medicina.
1372 1743 1439 1782 De
1464 1751 1565 1783 arte.

78 1813 145 1852 De
178 1813 336 1853 medici
369 1813 552 1853 officina.
593 1814 839 1854 Vectiarius
863 1814 903 1862 (i.
925 1828 960 1853 e.
986 1814 1131 1866 capita
1153 1815 1370 1866 quaedam
1394 1815 1566 1861 amissa,

78 1885 145 1924 De
180 1885 343 1924 ossium
376 1892 541 1933 natura,
575 1885 850 1933 Vectiarius).
916 1886 982 1924 De
1018 1885 1246 1926 ulceribus.
1312 1886 1379 1925 De
1413 1886 1569 1938 capitis

78 1955 341 1996 uulneribus.
396 1957 463 1996 De
496 1957 745 1997 uulneribus
778 1964 821 1996 et
854 1957 961 1997 telis.
1012 1958 1079 1996 De
1113 1957 1321 1997 fracturis.
1372 1957 1439 1996 De
1473 1958 1569 1996 arti-

78 2027 196 2068 culis.
262 2028 330 2067 De
363 2028 480 2067 uictu
515 2035 751 2068 acutorum.
818 2029 885 2069 De
919 2029 1080 2068 morbis
1114 2029 1142 2067 I.
1199 2029 1266 2067 De
1300 2029 1567 2080 septimanis.

79 2099 145 2139 De
179 2100 340 2139 morbis
367 2100 438 2138 HI.
488 2099 555 2139 De
579 2100 739 2139 morbis
763 2100 812 2139 ΙΙ.
862 2100 930 2139 De
954 2099 1254 2139 affectionibus
1279 2100 1566 2139 interioribus.

79 2171 147 2211 De
179 2171 341 2210 morbis
374 2171 436 2210 IV
450 2170 511 2220 (ἓ).
561 2171 628 2210 De
662 2171 888 2211 mulierum
921 2171 1148 2211 affectibus
1181 2171 1312 2210 1—11.
1361 2171 1428 2210 De
1453 2172 1569 2210 steri-

78 2242 201 2282 libus.
256 2243 324 2282 De
358 2243 773 2283 haemorrhoidibus.
829 2243 896 2282 De
929 2242 1091 2282 fistulis.
1149 2243 1216 2282 De
1252 2242 1470 2284 alimento.

168 2315 241 2354 IV.
296 2314 612 2354 Presbeuticus.
667 2314 979 2353 Iusiurandum.

168 2458 214 2496 In
249 2458 563 2498 testimoniis
595 2458 725 2510 igitur
757 2457 896 2497 textui
929 2457 1136 2497 subiectis
1170 2457 1354 2509 primum
1379 2458 1567 2498 indicaui

79 2529 222 2568 locum
268 2529 641 2581 Hippocraticum,
689 2529 743 2568 ad
788 2542 918 2581 quem
963 2529 1172 2581 cuiusque
1204 2527 1375 2580 glossae
1408 2529 1569 2568 lemma

80 2601 375 2640 reuocandum
407 2614 502 2640 esse
536 2601 638 2640 mihi
670 2601 851 2640 uidetur.
903 2599 1012 2640 Cum
1036 2600 1210 2639 arbitrio
1235 2601 1451 2653 agendum
1476 2601 1568 2648 erit,

80 2671 122 2711 id
165 2678 241 2720 est,
285 2672 673 2724 quotienscumque
716 2686 817 2720 uox,
862 2672 915 2711 de
954 2685 1040 2724 qua
1081 2672 1233 2724 agitur,
1269 2672 1412 2724 paruis
1445 2673 1569 2711 inter-

81 2742 202 2782 uallis
235 2743 393 2795 pluries
426 2751 635 2791 occurret,
660 2757 831 2797 semper
853 2744 1038 2795 primum
1061 2756 1277 2795 quemque
1301 2743 1445 2783 locum
1469 2743 1570 2783 affe-

81 2827 182 2854 ram.
248 2813 521 2866 Quicumque
560 2815 602 2854 in
640 2815 886 2854 huiusmodi
919 2814 1038 2854 locos
1071 2814 1320 2867 diligentius
1353 2815 1569 2867 inquirere

80 2885 210 2933 uolet,
258 2886 311 2925 ad
355 2882 472 2925 Stud.
515 2885 683 2938 delego.
758 2886 888 2926 Porro
933 2886 973 2925 in
1020 2886 1277 2926 testimoniis
1326 2885 1569 2938 fragmenta
