1872 3194
358 155 411 181 XX

298 259 649 306 commemoraui,
697 259 731 298 si
773 259 948 311 quidem
982 272 1080 298 cum
1113 258 1269 311 glossis
1302 259 1552 310 conspirant
1584 259 1643 308 (in
1677 258 1783 311 frag-

300 331 454 369 mentis
477 336 621 369 autem
646 330 753 369 ratio
777 329 991 369 contraria
1013 330 1107 377 est).
1142 329 1297 369 Additi
1319 336 1419 369 sunt
1446 329 1547 369 loci
1574 329 1782 369 similes.

299 402 367 441 Ac
411 401 513 440 mihi
555 401 731 452 quidem
774 401 813 439 in
859 401 1001 439 animo
1042 406 1134 440 erat
1172 407 1321 440 notare
1362 400 1662 452 permultaque
1700 401 1784 440 iam

300 472 543 524 conquisita
592 472 821 518 habebam,
868 485 978 523 quae
1028 485 1052 510 a
1100 470 1434 524 lexicographis,
1476 472 1782 524 grammaticis,

299 542 541 583 scholiastis
578 543 734 582 tradita
766 550 866 582 sunt
898 542 1051 581 similia
1084 543 1157 589 eis,
1193 556 1303 594 quae
1336 542 1567 582 Erotianus
1600 543 1784 595 scripsit.

300 615 451 666 Neque
496 627 600 653 uero
643 614 734 653 sine
777 613 1060 661 dubitatione,
1096 613 1275 653 consilio
1309 620 1453 652 tamen
1486 613 1787 665 gubernatoris

300 685 504 737 Corporis
545 685 814 725 Medicorum
854 684 1120 724 Graecorum
1160 698 1326 724 summe
1361 685 1595 724 uenerandi
1628 685 1787 725 cedens

303 757 504 808 sepositis
550 756 761 803 omnibus,
802 756 874 807 qui
907 755 1055 795 similis
1089 756 1390 795 tantummodo
1424 756 1666 808 argumenti
1699 769 1788 795 sen-

300 828 455 867 tentias
500 826 779 879 protulerant,
824 840 972 866 eorum
1004 826 1143 866 solum
1176 827 1389 866 rationem
1421 827 1566 874 habui,
1601 826 1675 878 qui
1708 827 1788 878 ipsi

299 899 455 938 scrinia
499 899 693 937 Erotiani
733 898 774 937 in
815 911 940 936 usum
972 911 1096 936 suum
1131 904 1450 950 excerpserant.
1516 896 1616 949 Quo
1649 896 1709 945 fit,
1744 906 1788 936 ut

301 976 473 1021 praeter
517 969 774 1022 Gregorium
820 968 1091 1008 Corinthium
1132 968 1342 1021 glossaria
1375 969 1605 1008 dumtaxat
1637 967 1789 1008 Galeni

300 1048 343 1079 et
383 1040 594 1092 Hesychii
634 1053 712 1079 nec
753 1054 839 1079 non
873 1039 1036 1079 scholia
1069 1040 1232 1079 codicis
1264 1035 1334 1078 Eu
1369 1040 1410 1078 in
1445 1038 1597 1079 Galeni
1629 1038 1789 1092 glossa-

302 1112 409 1150 rium
443 1125 467 1150 a
499 1125 568 1151 me
603 1109 719 1150 stud.
756 1112 836 1150 180
864 1124 927 1162 sq.
964 1111 1186 1163 recognita
1210 1110 1488 1150 laudauerim.
1539 1109 1638 1162 Qua
1659 1110 1789 1149 etiam

301 1183 343 1221 in
397 1196 440 1221 re
492 1181 609 1221 haud
666 1195 760 1221 raro
817 1181 978 1234 ambigi
1021 1187 1178 1233 potest,
1228 1181 1349 1221 locus
1402 1180 1553 1233 aliquis
1599 1181 1689 1220 iure
1737 1181 1791 1220 ad

303 1253 557 1292 Erotianum
596 1253 802 1292 referatur
842 1266 894 1292 an
928 1252 1084 1291 eodem
1117 1252 1255 1291 solum
1289 1266 1344 1292 ex
1378 1252 1496 1292 fonte
1529 1266 1616 1304 quo
1646 1251 1791 1305 glossa

302 1324 493 1363 Erotiani
517 1324 726 1376 repetitus
749 1324 815 1363 sit.
863 1322 978 1375 Quin
1001 1324 1130 1363 etiam
1154 1324 1327 1375 saepius
1350 1323 1520 1376 glossae
1544 1323 1613 1363 uel
1636 1323 1789 1362 adauc-

301 1403 370 1434 tae
416 1395 496 1443 uel,
544 1395 661 1447 quod
707 1395 896 1434 maxime
942 1394 1085 1434 euenit
1130 1395 1171 1433 in
1216 1395 1452 1446 Hesychio,
1497 1408 1596 1434 cum
1636 1393 1792 1447 glossis

302 1467 474 1506 aliunde
515 1467 700 1519 sumptis
732 1466 1056 1519 conglutinatae
1091 1472 1132 1505 et
1164 1466 1427 1506 commixtae
1461 1473 1573 1512 sunt,
1608 1472 1654 1505 ut
1686 1465 1792 1505 fines

305 1538 546 1590 glossarum
579 1537 844 1591 singularum
877 1538 1061 1577 discerni
1094 1537 1180 1576 iam
1214 1543 1444 1589 nequeant.
1499 1537 1682 1576 Proinde
1706 1550 1792 1576 mo-

303 1610 439 1648 nitum
485 1609 627 1656 uelim,
671 1623 752 1657 me,
798 1609 1059 1661 ubicumque
1102 1609 1374 1656 haesitarem,
1409 1608 1657 1661 praeposita
1690 1615 1792 1647 nota

305 1680 385 1719 'cf.'
422 1681 737 1720 dubitationem
769 1679 1011 1732 significare
1045 1679 1247 1719 uoluisse.

393 1811 716 1863 Apparatum
754 1810 989 1850 criticum
1030 1810 1222 1849 terminis
1260 1823 1391 1862 quam
1425 1810 1546 1862 potui
1580 1809 1788 1862 angustis-

303 1883 422 1921 simis
455 1882 646 1922 continui
680 1881 749 1930 (cf.
779 1895 819 1933 p.
845 1894 911 1921 xm
934 1881 1028 1933 sq.).
1079 1880 1202 1932 Quae
1226 1881 1366 1920 adhuc
1391 1894 1468 1933 pro
1492 1880 1691 1920 codicum
1713 1879 1793 1919 lec—

304 1953 494 1992 tionibus
523 1952 630 1992 falso
660 1952 1006 2004 diuulgabantur,
1032 1966 1245 2004 nusquam
1268 1951 1618 1992 commemoraui.
1667 1950 1792 2003 Quae

306 2025 360 2063 ad
403 2030 573 2064 textum
617 2024 937 2063 emendandum
980 2030 1151 2075 praeter
1189 2023 1376 2062 editores
1410 2022 1683 2063 contulerunt
1716 2022 1791 2062 uiri

304 2096 422 2135 docti
455 2118 511 2121 ——
544 2095 751 2147 perpauci
784 2095 823 2134 ei
855 2094 1030 2146 quidem
1055 2108 1274 2146 perpauca
1302 2117 1358 2120 —
1387 2107 1515 2133 curae
1538 2093 1640 2133 mihi
1663 2093 1793 2132 habui

306 2175 352 2206 ut
385 2166 696 2215 examinarem;
732 2166 1076 2205 coniecturarum
1111 2178 1212 2204 uero
1247 2165 1414 2204 nonnisi
1438 2178 1511 2204 eas
1534 2177 1793 2204 commemo-

307 2238 408 2284 raui,
444 2250 555 2289 quae
588 2243 708 2276 recto
742 2243 855 2276 stare
889 2236 975 2275 talo
1009 2243 1081 2276 aut
1115 2243 1231 2276 certe
1265 2236 1353 2275 ueri
1378 2235 1537 2275 similes
1559 2248 1655 2275 esse
1679 2235 1792 2274 uide-

310 2315 465 2356 rentur,
510 2307 680 2348 inutiles
718 2308 872 2347 missas
920 2307 1014 2347 feci.
1079 2307 1157 2346 Per
1190 2321 1235 2346 se
1270 2313 1390 2358 patet
1423 2307 1528 2346 haec
1562 2306 1794 2358 praecipue

310 2379 450 2418 ualere
489 2380 530 2418 in
570 2379 759 2419 disiectis
799 2378 1000 2418 membris
1049 2384 1276 2430 poetarum
1309 2378 1363 2417 ab
1396 2377 1602 2417 Erotiano
1636 2376 1791 2421 allatis;

309 2451 380 2502 qui
426 2450 546 2502 plura
591 2451 699 2490 scire
747 2450 936 2502 cupient,
986 2449 1145 2488 adeant
1189 2449 1401 2488 editiones
1446 2447 1564 2487 uelut
1608 2447 1792 2500 Bergkii,

309 2521 477 2568 Kockii‚
512 2521 709 2568 Nauckii,
735 2520 926 2560 aliorum.
977 2519 1179 2559 Ceterum
1213 2519 1400 2559 monitos
1434 2518 1561 2558 uelim
1594 2517 1792 2563 lectores,

311 2605 378 2630 me
417 2599 460 2630 et
499 2592 539 2630 in
580 2592 698 2631 hisce
740 2592 866 2630 rebus
910 2597 952 2630 et
990 2591 1031 2630 in
1072 2590 1162 2630 aliis
1195 2590 1429 2629 editionem
1462 2603 1603 2629 meam
1636 2589 1795 2628 normis

310 2663 383 2709 eis,
424 2676 531 2714 quas
570 2670 789 2702 curatores
829 2662 1033 2714 Corporis
1067 2662 1337 2701 Medicorum
1370 2660 1637 2700 Graecorum
1669 2659 1792 2700 colla-

310 2733 582 2772 boratoribus
616 2739 929 2785 proposuerant
947 2729 973 2779 1,
1009 2731 1322 2772 commodasse.

406 2836 415 2853 ¹
445 2841 594 2871 Normen
622 2842 672 2871 fiir
699 2841 752 2871 die
780 2841 938 2881 Ausgabe
967 2841 1025 2870 der
1052 2840 1176 2870 Medici
1205 2840 1336 2870 Graeci.
