1872 3194
1500 166 1563 192 Xlll

224 276 383 315 Totam
427 275 555 326 igitur
594 273 971 316 necessitudinem,
1006 285 1117 323 quae
1154 272 1261 310 inter
1294 272 1469 310 codices
1504 272 1623 310 inter-

136 348 262 395 cedit,
298 361 353 386 ex
387 347 469 385 hoc
503 352 732 385 stemmate
767 344 986 383 dinoscas:

809 508 1160 546 ARCHETYPVS

229 1847 297 1887 Ex
340 1848 415 1896 eis,
450 1862 562 1900 quae
610 1849 909 1901 exposuimus,
952 1848 1103 1896 elucet,
1145 1849 1199 1888 ad
1238 1848 1430 1887 Erotiani
1466 1856 1634 1887 textum

139 1920 493 1958 constituendum
545 1920 736 1972 quinque
794 1920 969 1960 codices
1018 1920 1288 1959 adhibendos
1336 1932 1450 1958 esse:
1500 1919 1543 1958 A
1592 1927 1634 1958 et

142 1990 183 2029 H
209 1990 244 2029 L
269 1991 314 2029 M
339 1990 391 2031 O.
458 1991 808 2030 Fundamentum
857 1992 1121 2031 recensionis
1172 1998 1237 2031 est
1280 1991 1335 2038 A,
1378 1990 1554 2043 signifer
1593 1997 1636 2030 et

141 2075 297 2113 parens
331 2061 481 2101 classis
511 2062 709 2109 melioris,
739 2076 867 2114 quem
893 2064 1125 2114 praecipue
1149 2063 1303 2102 ducem
1329 2069 1503 2101 secutus
1527 2076 1633 2101 sum.

142 2133 209 2172 De
250 2133 332 2172 hoc
373 2133 502 2185 igitur
540 2134 691 2173 codice
725 2134 861 2173 sicubi
895 2134 936 2173 in
972 2141 1183 2186 apparatu
1218 2134 1365 2173 critico
1399 2133 1535 2172 deerit
1568 2133 1636 2172 ad-

146 2205 325 2252 notatio,
358 2203 618 2244 concludere
641 2204 801 2252 licebit,
827 2219 925 2244 eum
949 2219 1049 2245 cum
1073 2212 1195 2244 textu
1221 2211 1369 2244 nostro
1393 2205 1635 2244 concinere.

144 2275 231 2315 Sed
275 2289 540 2328 quamquam
584 2283 754 2315 ceteros
797 2290 947 2315 omnes
992 2277 1244 2329 aequiparat
1287 2277 1555 2323 coniunctos,
1597 2277 1637 2315 in

145 2360 229 2385 uno
265 2347 347 2386 hoc
382 2347 491 2386 duce
532 2360 808 2399 nequaquam
850 2348 1129 2399 acquiescere
1168 2347 1278 2386 licet.
1344 2347 1496 2399 Neque
1535 2361 1638 2386 uero

147 2418 188 2456 in
222 2424 345 2457 textu
379 2418 684 2457 constituendo
719 2432 798 2457 suo
832 2419 970 2470 pretio
1005 2419 1201 2470 priuandi
1236 2425 1334 2457 sunt
1365 2419 1540 2458 codices
1569 2419 1638 2458 de-

147 2490 315 2528 terioris
354 2489 527 2537 ordinis,
569 2490 611 2528 id
652 2498 714 2528 est
756 2489 809 2537 H,
851 2489 923 2541 qui
964 2490 1073 2529 inter
1113 2503 1186 2529 eos
1227 2489 1356 2529 libros
1389 2489 1564 2529 excellit
1597 2497 1639 2529 et

147 2561 327 2613 propius
375 2574 502 2612 quam
554 2560 703 2613 reliqui
754 2561 807 2600 ad
858 2561 1082 2612 archetypi
1131 2575 1326 2600 normam
1370 2562 1551 2608 accedit,
1598 2568 1640 2600 et

149 2631 186 2670 L
210 2632 255 2671 M
280 2631 332 2679 O,
373 2633 445 2684 qui
485 2639 691 2684 quattuor
730 2639 777 2671 ut
810 2633 850 2670 in
885 2633 1135 2671 uniuersum
1168 2632 1403 2672 deteriores
1436 2640 1546 2680 sunt,
1582 2633 1640 2672 ita

150 2716 476 2755 nonnumquam
526 2703 704 2743 meliora
751 2717 882 2755 quam
922 2703 963 2742 A
1004 2704 1225 2755 praebent.
1290 2704 1445 2756 Neque
1495 2710 1640 2743 tamen

152 2787 358 2826 umquam
391 2774 570 2826 singulis
603 2774 870 2827 singulorum
904 2775 1104 2814 codicum
1138 2775 1351 2814 erroribus
1385 2782 1641 2827 apparatum

149 2846 341 2893 oneraui,
377 2846 449 2885 ubi
484 2846 537 2885 de
569 2860 670 2885 uera
700 2845 884 2885 lectione
909 2860 963 2885 ex
988 2846 1142 2885 ceteris
1165 2847 1406 2893 constabat,
1433 2847 1510 2885 nisi
1535 2845 1642 2886 tales
